<?xml version="1.0" encoding="UTF-8"?>
<!DOCTYPE html PUBLIC "-//W3C//DTD XHTML 1.0 Transitional//EN"
    "http://www.w3.org/TR/xhtml1/DTD/xhtml1-transitional.dtd">
<html xmlns="http://www.w3.org/1999/xhtml" xml:lang="en" lang="en">
 <head>
  <title>
</title>
<meta http-equiv="Content-Type" content="text/html;charset=utf-8" />
  <meta name='ocr-system' content='tesseract 3.04.00' />
  <meta name='ocr-capabilities' content='ocr_page ocr_carea ocr_par ocr_line ocrx_word'/>
</head>
<body>
  <div class='ocr_page' id='page_1' title='image "4769322_0062.png"; bbox 0 0 2933 3727; ppageno 0'>
   <div class='ocr_carea' id='block_1_1' title="bbox 1515 344 1585 389">
    <p class='ocr_par' dir='ltr' id='par_1_1' title="bbox 1515 344 1585 389">
     <span class='ocr_line' id='line_1_1' title="bbox 1515 344 1585 389; baseline 0 0"><span class='ocrx_word' id='word_1_1' title='bbox 1515 344 1585 389; x_wconf 72' lang='lat'><strong>46</strong></span> 
     </span>
    </p>
   </div>
   <div class='ocr_carea' id='block_1_2' title="bbox 664 454 2428 2366">
    <p class='ocr_par' dir='ltr' id='par_1_2' title="bbox 664 454 2428 2366">
     <span class='ocr_line' id='line_1_2' title="bbox 675 454 2428 521; baseline 0 -17"><span class='ocrx_word' id='word_1_2' title='bbox 675 460 955 504; x_wconf 85' lang='lat' dir='ltr'><strong>narrationem</strong></span> <span class='ocrx_word' id='word_1_3' title='bbox 1000 454 1052 497; x_wconf 90' lang='lat' dir='ltr'><strong>de</strong></span> <span class='ocrx_word' id='word_1_4' title='bbox 1090 454 1268 498; x_wconf 87' lang='lat' dir='ltr'><strong>Anaxila</strong></span> <span class='ocrx_word' id='word_1_5' title='bbox 1311 454 1545 509; x_wconf 87' lang='lat' dir='ltr'><strong>Messenio,</strong></span> <span class='ocrx_word' id='word_1_6' title='bbox 1595 454 1667 514; x_wconf 91' lang='lat' dir='ltr'><strong>qui</strong></span> <span class='ocrx_word' id='word_1_7' title='bbox 1708 456 1974 516; x_wconf 71' lang='lat' dir='ltr'><strong>tyrannidem</strong></span> <span class='ocrx_word' id='word_1_8' title='bbox 2019 459 2172 520; x_wconf 84' lang='lat' dir='ltr'><strong>Rhegii</strong></span> <span class='ocrx_word' id='word_1_9' title='bbox 2213 462 2428 521; x_wconf 85' lang='lat' dir='ltr'><strong>occupavit</strong></span> 
     </span>
     <span class='ocr_line' id='line_1_3' title="bbox 677 514 2427 585; baseline 0.002 -21"><span class='ocrx_word' id='word_1_10' title='bbox 677 522 745 568; x_wconf 90' lang='lat' dir='ltr'><strong>Ol.</strong></span> <span class='ocrx_word' id='word_1_11' title='bbox 767 517 915 570; x_wconf 73' lang='lat' dir='ltr'><strong>LXXI,</strong></span> <span class='ocrx_word' id='word_1_12' title='bbox 936 518 978 561; x_wconf 88' lang='lat'><strong>3.</strong></span> <span class='ocrx_word' id='word_1_13' title='bbox 1008 514 1155 574; x_wconf 85' lang='lat' dir='ltr'><strong>(Diod.</strong></span> <span class='ocrx_word' id='word_1_14' title='bbox 1177 518 1253 569; x_wconf 88' lang='lat' dir='ltr'><strong>XI,</strong></span> <span class='ocrx_word' id='word_1_15' title='bbox 1275 515 1392 574; x_wconf 69' lang='lat'><strong>48),</strong></span> <span class='ocrx_word' id='word_1_16' title='bbox 1439 517 1651 562; x_wconf 83' lang='lat' dir='ltr'><strong>verissime</strong></span> <span class='ocrx_word' id='word_1_17' title='bbox 1689 516 1788 562; x_wconf 90' lang='lat' dir='ltr'><strong>inde</strong></span> <span class='ocrx_word' id='word_1_18' title='bbox 1828 518 2009 579; x_wconf 67' lang='lat' dir='ltr'><strong>conjecit</strong></span> <span class='ocrx_word' id='word_1_19' title='bbox 2039 520 2253 583; x_wconf 87' lang='lat' dir='ltr'><strong>Bentlejus</strong></span> <span class='ocrx_word' id='word_1_20' title='bbox 2285 542 2427 585; x_wconf 89' lang='lat' dir='ltr'><strong>opusc.</strong></span> 
     </span>
     <span class='ocr_line' id='line_1_4' title="bbox 676 578 2428 645; baseline -0.002 -19"><span class='ocrx_word' id='word_1_21' title='bbox 676 602 715 645; x_wconf 88' lang='lat' dir='ltr'><strong>p.</strong></span> <span class='ocrx_word' id='word_1_22' title='bbox 738 581 843 626; x_wconf 83' lang='lat'><strong>354.</strong></span> <span class='ocrx_word' id='word_1_23' title='bbox 870 580 1007 639; x_wconf 90' lang='lat' dir='ltr'><strong>Lips.,</strong></span> <span class='ocrx_word' id='word_1_24' title='bbox 1040 578 1153 637; x_wconf 86' lang='lat' dir='ltr'><strong>leges</strong></span> <span class='ocrx_word' id='word_1_25' title='bbox 1186 579 1437 624; x_wconf 80' lang='lat' dir='ltr'>Charondae</span> <span class='ocrx_word' id='word_1_26' title='bbox 1472 590 1557 624; x_wconf 86' lang='lat' dir='ltr'><strong>tum</strong></span> <span class='ocrx_word' id='word_1_27' title='bbox 1598 584 1685 638; x_wconf 84' lang='lat' dir='ltr'><strong>jam</strong></span> <span class='ocrx_word' id='word_1_28' title='bbox 1719 580 1871 639; x_wconf 80' lang='lat' dir='ltr'><strong>Rhegii</strong></span> <span class='ocrx_word' id='word_1_29' title='bbox 1903 580 2122 634; x_wconf 87' lang='lat' dir='ltr'><strong>floruisse,</strong></span> <span class='ocrx_word' id='word_1_30' title='bbox 2150 600 2278 643; x_wconf 83' lang='lat' dir='ltr'><strong>quum</strong></span> <span class='ocrx_word' id='word_1_31' title='bbox 2313 587 2428 631; x_wconf 74' lang='lat' dir='ltr'><strong>Ana-</strong></span> 
     </span>
     <span class='ocr_line' id='line_1_5' title="bbox 675 641 2427 703; baseline 0.002 -14"><span class='ocrx_word' id='word_1_32' title='bbox 675 644 776 689; x_wconf 86' lang='lat' dir='ltr'><strong>xilas</strong></span> <span class='ocrx_word' id='word_1_33' title='bbox 818 642 1041 703; x_wconf 89' lang='lat' dir='ltr'><strong>imperium</strong></span> <span class='ocrx_word' id='word_1_34' title='bbox 1080 641 1163 685; x_wconf 87' lang='lat' dir='ltr'><strong>sibi</strong></span> <span class='ocrx_word' id='word_1_35' title='bbox 1211 642 1410 686; x_wconf 79' lang='lat' dir='ltr'><strong>conscivit</strong></span> <span class='ocrx_word' id='word_1_36' title='bbox 1432 643 1485 702; x_wconf 81' lang='lat'><strong>3).</strong></span> <span class='ocrx_word' id='word_1_37' title='bbox 1564 643 1707 703; x_wconf 85' lang='lat' dir='ltr'><strong>Itaque</strong></span> <span class='ocrx_word' id='word_1_38' title='bbox 1748 661 1835 686; x_wconf 92' lang='lat' dir='ltr'><strong>non</strong></span> <span class='ocrx_word' id='word_1_39' title='bbox 1880 642 2079 686; x_wconf 88' lang='lat' dir='ltr'><strong>audiendi</strong></span> <span class='ocrx_word' id='word_1_40' title='bbox 2124 642 2292 692; x_wconf 85' lang='lat' dir='ltr'><strong>levioris</strong></span> <span class='ocrx_word' id='word_1_41' title='bbox 2328 647 2427 693; x_wconf 86' lang='lat' dir='ltr'><strong>fidei</strong></span> 
     </span>
     <span class='ocr_line' id='line_1_6' title="bbox 674 704 2427 768; baseline 0 -15"><span class='ocrx_word' id='word_1_42' title='bbox 674 707 926 768; x_wconf 78' lang='lat' dir='ltr'>scriptores,</span> <span class='ocrx_word' id='word_1_43' title='bbox 967 714 1057 748; x_wconf 87' lang='lat' dir='ltr'><strong>tum</strong></span> <span class='ocrx_word' id='word_1_44' title='bbox 1087 704 1160 766; x_wconf 90' lang='lat' dir='ltr'><strong>qui</strong></span> <span class='ocrx_word' id='word_1_45' title='bbox 1195 722 1288 749; x_wconf 89' lang='lat' dir='ltr'><strong>eum</strong></span> <span class='ocrx_word' id='word_1_46' title='bbox 1323 705 1528 750; x_wconf 87' lang='lat' dir='ltr'><strong>Thurium</strong></span> <span class='ocrx_word' id='word_1_47' title='bbox 1564 704 1710 750; x_wconf 90' lang='lat' dir='ltr'><strong>dicunt</strong></span> <span class='ocrx_word' id='word_1_48' title='bbox 1727 707 1766 763; x_wconf 84' lang='lat'><strong>4)</strong></span> <span class='ocrx_word' id='word_1_49' title='bbox 1796 705 1941 764; x_wconf 89' lang='lat' dir='ltr'><strong>(Diod.</strong></span> <span class='ocrx_word' id='word_1_50' title='bbox 1960 706 2054 759; x_wconf 83' lang='grc' dir='ltr'><strong>ΧΠ,</strong></span> <span class='ocrx_word' id='word_1_51' title='bbox 2086 705 2154 750; x_wconf 91' lang='grc'><strong>11.</strong></span> <span class='ocrx_word' id='word_1_52' title='bbox 2197 707 2288 752; x_wconf 79' lang='lat' dir='ltr'><strong>val.</strong></span> <span class='ocrx_word' id='word_1_53' title='bbox 2315 710 2427 757; x_wconf 88' lang='lat' dir='ltr'><strong>Max.</strong></span> 
     </span>
     <span class='ocr_line' id='line_1_7' title="bbox 674 768 2426 831; baseline 0.001 -15"><span class='ocrx_word' id='word_1_54' title='bbox 674 773 745 825; x_wconf 77' lang='lat' dir='ltr'><strong>vt,</strong></span> <span class='ocrx_word' id='word_1_55' title='bbox 764 772 805 814; x_wconf 88' lang='lat'><strong>5.</strong></span> <span class='ocrx_word' id='word_1_56' title='bbox 831 768 1034 813; x_wconf 88' lang='lat' dir='ltr'><strong>Themist.</strong></span> <span class='ocrx_word' id='word_1_57' title='bbox 1049 778 1151 812; x_wconf 91' lang='lat' dir='ltr'><strong>orat.</strong></span> <span class='ocrx_word' id='word_1_58' title='bbox 1163 770 1217 822; x_wconf 88' lang='grc' dir='ltr'><strong>ΙΙ,</strong></span> <span class='ocrx_word' id='word_1_59' title='bbox 1240 768 1460 829; x_wconf 87' lang='lat' dir='ltr'><strong>p.31,b.),</strong></span> <span class='ocrx_word' id='word_1_60' title='bbox 1494 779 1580 812; x_wconf 91' lang='lat' dir='ltr'><strong>tum</strong></span> <span class='ocrx_word' id='word_1_61' title='bbox 1608 769 1679 829; x_wconf 89' lang='lat' dir='ltr'><strong>qui</strong></span> <span class='ocrx_word' id='word_1_62' title='bbox 1706 769 1882 830; x_wconf 89' lang='lat' dir='ltr'><strong>patriam</strong></span> <span class='ocrx_word' id='word_1_63' title='bbox 1914 768 2084 831; x_wconf 90' lang='lat' dir='ltr'><strong>quidem</strong></span> <span class='ocrx_word' id='word_1_64' title='bbox 2113 769 2204 829; x_wconf 92' lang='lat' dir='ltr'><strong>ejus</strong></span> <span class='ocrx_word' id='word_1_65' title='bbox 2225 770 2426 818; x_wconf 80' lang='lat' dir='ltr'><strong>catanam</strong></span> 
     </span>
     <span class='ocr_line' id='line_1_8' title="bbox 674 830 2426 894; baseline -0.001 -15"><span class='ocrx_word' id='word_1_66' title='bbox 674 842 935 894; x_wconf 85' lang='lat' dir='ltr'><strong>agnoscunt,</strong></span> <span class='ocrx_word' id='word_1_67' title='bbox 975 830 1113 890; x_wconf 87' lang='lat' dir='ltr'><strong>ipsum</strong></span> <span class='ocrx_word' id='word_1_68' title='bbox 1156 841 1293 874; x_wconf 89' lang='lat' dir='ltr'><strong>tamen</strong></span> <span class='ocrx_word' id='word_1_69' title='bbox 1335 830 1506 875; x_wconf 89' lang='lat' dir='ltr'><strong>Thuriis</strong></span> <span class='ocrx_word' id='word_1_70' title='bbox 1548 830 1659 889; x_wconf 84' lang='lat' dir='ltr'><strong>leges</strong></span> <span class='ocrx_word' id='word_1_71' title='bbox 1696 831 1914 892; x_wconf 84' lang='lat' dir='ltr'>scripsisse</span> <span class='ocrx_word' id='word_1_72' title='bbox 1952 832 2179 892; x_wconf 74' lang='lat' dir='ltr'><strong>opinantur</strong></span> <span class='ocrx_word' id='word_1_73' title='bbox 2216 832 2343 893; x_wconf 90' lang='lat' dir='ltr'><strong>(Plut.</strong></span> <span class='ocrx_word' id='word_1_74' title='bbox 2374 834 2426 878; x_wconf 87' lang='lat' dir='ltr'><strong>de</strong></span> 
     </span>
     <span class='ocr_line' id='line_1_9' title="bbox 675 891 2425 955; baseline -0.001 -13"><span class='ocrx_word' id='word_1_75' title='bbox 675 896 827 943; x_wconf 89' lang='lat' dir='ltr'><strong>curios.</strong></span> <span class='ocrx_word' id='word_1_76' title='bbox 860 895 901 939; x_wconf 88' lang='lat'><strong>8.</strong></span> <span class='ocrx_word' id='word_1_77' title='bbox 948 891 1089 937; x_wconf 89' lang='lat' dir='ltr'><strong>Schol.</strong></span> <span class='ocrx_word' id='word_1_78' title='bbox 1120 891 1222 937; x_wconf 88' lang='lat' dir='ltr'><strong>Plat.</strong></span> <span class='ocrx_word' id='word_1_79' title='bbox 1254 892 1446 953; x_wconf 79' lang='lat' dir='ltr'><strong>p.419.).</strong></span> <span class='ocrx_word' id='word_1_80' title='bbox 1508 893 1616 937; x_wconf 92' lang='lat' dir='ltr'><strong>Nam</strong></span> <span class='ocrx_word' id='word_1_81' title='bbox 1643 909 1692 937; x_wconf 90' lang='lat' dir='ltr'><strong>eo</strong></span> <span class='ocrx_word' id='word_1_82' title='bbox 1723 904 1932 954; x_wconf 90' lang='lat' dir='ltr'><strong>ternpore,</strong></span> <span class='ocrx_word' id='word_1_83' title='bbox 1965 912 2049 955; x_wconf 93' lang='lat' dir='ltr'><strong>quo</strong></span> <span class='ocrx_word' id='word_1_84' title='bbox 2083 894 2234 939; x_wconf 86' lang='lat' dir='ltr'><strong>Thurii</strong></span> <span class='ocrx_word' id='word_1_85' title='bbox 2267 896 2425 941; x_wconf 83' lang='lat' dir='ltr'><strong>conditi</strong></span> 
     </span>
     <span class='ocr_line' id='line_1_10' title="bbox 673 954 2150 1016; baseline -0.002 -12"><span class='ocrx_word' id='word_1_86' title='bbox 673 968 792 1011; x_wconf 87' lang='lat' dir='ltr'><strong>sunt,</strong></span> <span class='ocrx_word' id='word_1_87' title='bbox 822 954 954 1000; x_wconf 85' lang='lat' dir='ltr'><strong>multo</strong></span> <span class='ocrx_word' id='word_1_88' title='bbox 986 954 1105 1014; x_wconf 89' lang='lat' dir='ltr'><strong>prior</strong></span> <span class='ocrx_word' id='word_1_89' title='bbox 1136 954 1358 999; x_wconf 87' lang='lat' dir='ltr'><strong>habendus</strong></span> <span class='ocrx_word' id='word_1_90' title='bbox 1391 965 1452 998; x_wconf 84' lang='lat' dir='ltr'><strong>est</strong></span> <span class='ocrx_word' id='word_1_91' title='bbox 1485 965 1524 998; x_wconf 87' lang='lat' dir='ltr'><strong>et</strong></span> <span class='ocrx_word' id='word_1_92' title='bbox 1558 955 1669 999; x_wconf 90' lang='lat' dir='ltr'><strong>circa</strong></span> <span class='ocrx_word' id='word_1_93' title='bbox 1702 955 1768 999; x_wconf 92' lang='lat' dir='ltr'><strong>Ol.</strong></span> <span class='ocrx_word' id='word_1_94' title='bbox 1792 957 1881 999; x_wconf 92' lang='lat' dir='ltr'><strong>XL.</strong></span> <span class='ocrx_word' id='word_1_95' title='bbox 1913 957 2150 1016; x_wconf 90' lang='lat' dir='ltr'><strong>ponendus.</strong></span> 
     </span>
     <span class='ocr_line' id='line_1_11' title="bbox 796 1016 2426 1077; baseline 0.001 -15"><span class='ocrx_word' id='word_1_96' title='bbox 796 1019 1132 1062; x_wconf 78' lang='lat' dir='ltr'><strong>Consentaneum</strong></span> <span class='ocrx_word' id='word_1_97' title='bbox 1172 1016 1302 1075; x_wconf 84' lang='lat' dir='ltr'><strong>igitur</strong></span> <span class='ocrx_word' id='word_1_98' title='bbox 1334 1028 1416 1069; x_wconf 88' lang='lat' dir='ltr'><strong>est,</strong></span> <span class='ocrx_word' id='word_1_99' title='bbox 1448 1016 1656 1071; x_wconf 88' lang='lat' dir='ltr'><strong>Thurios,</strong></span> <span class='ocrx_word' id='word_1_100' title='bbox 1696 1017 1731 1061; x_wconf 91' lang='lat' dir='ltr'><strong>si</strong></span> <span class='ocrx_word' id='word_1_101' title='bbox 1762 1017 2011 1062; x_wconf 82' lang='lat' dir='ltr'><strong>Charondae</strong></span> <span class='ocrx_word' id='word_1_102' title='bbox 2041 1017 2205 1077; x_wconf 85' lang='lat' dir='ltr'><strong>legibus</strong></span> <span class='ocrx_word' id='word_1_103' title='bbox 2234 1020 2300 1063; x_wconf 87' lang='lat' dir='ltr'><strong>usi</strong></span> <span class='ocrx_word' id='word_1_104' title='bbox 2329 1022 2426 1073; x_wconf 86' lang='lat' dir='ltr'><strong>sint,</strong></span> 
     </span>
     <span class='ocr_line' id='line_1_12' title="bbox 673 1077 2424 1139; baseline 0 -13"><span class='ocrx_word' id='word_1_105' title='bbox 673 1098 742 1126; x_wconf 90' lang='lat' dir='ltr'><strong>eas</strong></span> <span class='ocrx_word' id='word_1_106' title='bbox 776 1098 799 1125; x_wconf 92' lang='lat' dir='ltr'><strong>a</strong></span> <span class='ocrx_word' id='word_1_107' title='bbox 830 1078 1082 1124; x_wconf 78' lang='lat' dir='ltr'>Chalcidicis</span> <span class='ocrx_word' id='word_1_108' title='bbox 1120 1077 1354 1123; x_wconf 87' lang='lat' dir='ltr'><strong>civitatibus</strong></span> <span class='ocrx_word' id='word_1_109' title='bbox 1397 1079 1605 1139; x_wconf 90' lang='lat' dir='ltr'><strong>accepisse</strong></span> <span class='ocrx_word' id='word_1_110' title='bbox 1638 1089 1677 1123; x_wconf 89' lang='lat' dir='ltr'><strong>et</strong></span> <span class='ocrx_word' id='word_1_111' title='bbox 1717 1080 1762 1123; x_wconf 92' lang='lat' dir='ltr'><strong>in</strong></span> <span class='ocrx_word' id='word_1_112' title='bbox 1796 1080 1999 1124; x_wconf 87' lang='lat' dir='ltr'><strong>civitatem</strong></span> <span class='ocrx_word' id='word_1_113' title='bbox 2040 1098 2159 1125; x_wconf 89' lang='lat' dir='ltr'><strong>suam</strong></span> <span class='ocrx_word' id='word_1_114' title='bbox 2193 1081 2424 1135; x_wconf 85' lang='lat' dir='ltr'>admisisse,</span> 
     </span>
     <span class='ocr_line' id='line_1_13' title="bbox 672 1140 2423 1203; baseline 0.001 -16"><span class='ocrx_word' id='word_1_115' title='bbox 672 1141 850 1201; x_wconf 82' lang='lat' dir='ltr'><strong>singulis</strong></span> <span class='ocrx_word' id='word_1_116' title='bbox 892 1140 1009 1184; x_wconf 92' lang='lat' dir='ltr'><strong>haud</strong></span> <span class='ocrx_word' id='word_1_117' title='bbox 1050 1140 1178 1184; x_wconf 91' lang='lat' dir='ltr'><strong>dubie</strong></span> <span class='ocrx_word' id='word_1_118' title='bbox 1220 1158 1298 1201; x_wconf 91' lang='lat' dir='ltr'><strong>pro</strong></span> <span class='ocrx_word' id='word_1_119' title='bbox 1331 1151 1565 1202; x_wconf 91' lang='lat' dir='ltr'><strong>temporum</strong></span> <span class='ocrx_word' id='word_1_120' title='bbox 1595 1140 1867 1203; x_wconf 90' lang='lat' dir='ltr'><strong>locorumque</strong></span> <span class='ocrx_word' id='word_1_121' title='bbox 1910 1142 2145 1187; x_wconf 88' lang='lat' dir='ltr'><strong>diversitate</strong></span> <span class='ocrx_word' id='word_1_122' title='bbox 2179 1143 2423 1189; x_wconf 85' lang='lat' dir='ltr'><strong>emendatis.</strong></span> 
     </span>
     <span class='ocr_line' id='line_1_14' title="bbox 670 1202 2424 1264; baseline 0.001 -15"><span class='ocrx_word' id='word_1_123' title='bbox 670 1206 755 1250; x_wconf 88' lang='lat' dir='ltr'><strong>Sed</strong></span> <span class='ocrx_word' id='word_1_124' title='bbox 788 1205 985 1263; x_wconf 84' lang='lat' dir='ltr'><strong>leguntur</strong></span> <span class='ocrx_word' id='word_1_125' title='bbox 1014 1202 1095 1246; x_wconf 87' lang='lat' dir='ltr'><strong>loci</strong></span> <span class='ocrx_word' id='word_1_126' title='bbox 1129 1203 1288 1263; x_wconf 83' lang='lat' dir='ltr'><strong>aliquot</strong></span> <span class='ocrx_word' id='word_1_127' title='bbox 1320 1214 1525 1256; x_wconf 87' lang='lat' dir='ltr'><strong>veterum,</strong></span> <span class='ocrx_word' id='word_1_128' title='bbox 1565 1203 1638 1264; x_wconf 89' lang='lat' dir='ltr'><strong>qui</strong></span> <span class='ocrx_word' id='word_1_129' title='bbox 1676 1203 1802 1248; x_wconf 84' lang='lat' dir='ltr'><strong>fidem</strong></span> <span class='ocrx_word' id='word_1_130' title='bbox 1833 1204 2012 1258; x_wconf 86' lang='lat' dir='ltr'><strong>faciant,</strong></span> <span class='ocrx_word' id='word_1_131' title='bbox 2043 1223 2131 1249; x_wconf 90' lang='lat' dir='ltr'><strong>non</strong></span> <span class='ocrx_word' id='word_1_132' title='bbox 2160 1206 2424 1259; x_wconf 81' lang='lat' dir='ltr'><strong>Charondae,</strong></span> 
     </span>
     <span class='ocr_line' id='line_1_15' title="bbox 671 1264 2424 1327; baseline 0.001 -15"><span class='ocrx_word' id='word_1_133' title='bbox 671 1267 745 1312; x_wconf 91' lang='lat' dir='ltr'><strong>sed</strong></span> <span class='ocrx_word' id='word_1_134' title='bbox 779 1266 946 1311; x_wconf 88' lang='lat' dir='ltr'><strong>Zaleuci</strong></span> <span class='ocrx_word' id='word_1_135' title='bbox 978 1264 1104 1310; x_wconf 90' lang='lat' dir='ltr'><strong>Locri</strong></span> <span class='ocrx_word' id='word_1_136' title='bbox 1138 1264 1250 1323; x_wconf 86' lang='lat' dir='ltr'><strong>leges</strong></span> <span class='ocrx_word' id='word_1_137' title='bbox 1283 1282 1413 1325; x_wconf 90' lang='lat' dir='ltr'><strong>quum</strong></span> <span class='ocrx_word' id='word_1_138' title='bbox 1443 1266 1673 1326; x_wconf 84' lang='lat' dir='ltr'><strong>Sybaritis,</strong></span> <span class='ocrx_word' id='word_1_139' title='bbox 1716 1277 1805 1310; x_wconf 87' lang='lat' dir='ltr'><strong>tum</strong></span> <span class='ocrx_word' id='word_1_140' title='bbox 1841 1266 2013 1310; x_wconf 92' lang='lat' dir='ltr'><strong>Thuriis</strong></span> <span class='ocrx_word' id='word_1_141' title='bbox 2046 1267 2276 1327; x_wconf 85' lang='lat' dir='ltr'><strong>placuisse:</strong></span> <span class='ocrx_word' id='word_1_142' title='bbox 2314 1279 2424 1313; x_wconf 89' lang='lat' dir='ltr'><strong>certe</strong></span> 
     </span>
     <span class='ocr_line' id='line_1_16' title="bbox 670 1326 2423 1387; baseline 0.001 -14"><span class='ocrx_word' id='word_1_143' title='bbox 670 1328 776 1373; x_wconf 90' lang='lat' dir='ltr'><strong>illud</strong></span> <span class='ocrx_word' id='word_1_144' title='bbox 809 1327 1004 1386; x_wconf 80' lang='lat' dir='ltr'><strong>Bentlejo</strong></span> <span class='ocrx_word' id='word_1_145' title='bbox 1036 1326 1219 1387; x_wconf 89' lang='lat' dir='ltr'><strong>probare</strong></span> <span class='ocrx_word' id='word_1_146' title='bbox 1251 1327 1521 1379; x_wconf 88' lang='lat' dir='ltr'><strong>videbantur,</strong></span> <span class='ocrx_word' id='word_1_147' title='bbox 1564 1327 1636 1386; x_wconf 87' lang='lat' dir='ltr'><strong>qui</strong></span> <span class='ocrx_word' id='word_1_148' title='bbox 1677 1326 1868 1371; x_wconf 77' lang='lat' dir='ltr'><strong>alacriter</strong></span> <span class='ocrx_word' id='word_1_149' title='bbox 1897 1338 1943 1370; x_wconf 88' lang='lat' dir='ltr'><strong>ut</strong></span> <span class='ocrx_word' id='word_1_150' title='bbox 1975 1327 2101 1382; x_wconf 87' lang='lat' dir='ltr'><strong>solet,</strong></span> <span class='ocrx_word' id='word_1_151' title='bbox 2141 1329 2233 1373; x_wconf 88' lang='lat' dir='ltr'><strong>illos</strong></span> <span class='ocrx_word' id='word_1_152' title='bbox 2275 1330 2423 1374; x_wconf 89' lang='lat' dir='ltr'><strong>adver-</strong></span> 
     </span>
     <span class='ocr_line' id='line_1_17' title="bbox 671 1387 2422 1446; baseline -0.001 -11"><span class='ocrx_word' id='word_1_153' title='bbox 671 1391 794 1435; x_wconf 90' lang='lat' dir='ltr'><strong>sariis</strong></span> <span class='ocrx_word' id='word_1_154' title='bbox 824 1389 1027 1434; x_wconf 75' lang='lat' dir='ltr'><strong>obtendit.</strong></span> <span class='ocrx_word' id='word_1_155' title='bbox 1081 1388 1268 1431; x_wconf 90' lang='lat' dir='ltr'><strong>Primum</strong></span> <span class='ocrx_word' id='word_1_156' title='bbox 1296 1397 1440 1431; x_wconf 88' lang='lat' dir='ltr'><strong>contra</strong></span> <span class='ocrx_word' id='word_1_157' title='bbox 1466 1404 1527 1439; x_wconf 89' lang='lat' dir='ltr'><strong>ea,</strong></span> <span class='ocrx_word' id='word_1_158' title='bbox 1557 1402 1663 1446; x_wconf 90' lang='lat' dir='ltr'><strong>quae</strong></span> <span class='ocrx_word' id='word_1_159' title='bbox 1690 1387 1792 1431; x_wconf 89' lang='lat' dir='ltr'><strong>locis</strong></span> <span class='ocrx_word' id='word_1_160' title='bbox 1817 1404 1864 1430; x_wconf 87' lang='lat' dir='ltr'><strong>ex</strong></span> <span class='ocrx_word' id='word_1_161' title='bbox 1883 1387 2099 1432; x_wconf 87' lang='lat' dir='ltr'><strong>Athenaeo</strong></span> <span class='ocrx_word' id='word_1_162' title='bbox 2128 1391 2222 1446; x_wconf 91' lang='lat' dir='ltr'><strong>(XI,</strong></span> <span class='ocrx_word' id='word_1_163' title='bbox 2239 1392 2345 1443; x_wconf 88' lang='grc'>508,</span> <span class='ocrx_word' id='word_1_164' title='bbox 2365 1395 2422 1446; x_wconf 88' lang='lat' dir='ltr'><strong>a),</strong></span> 
     </span>
     <span class='ocr_line' id='line_1_18' title="bbox 670 1448 2421 1515; baseline -0.001 -18"><span class='ocrx_word' id='word_1_165' title='bbox 670 1453 856 1515; x_wconf 83' lang='lat' dir='ltr'><strong>Scymno</strong></span> <span class='ocrx_word' id='word_1_166' title='bbox 897 1450 1007 1508; x_wconf 79' lang='lat'>(345</span> <span class='ocrx_word' id='word_1_167' title='bbox 1038 1452 1142 1509; x_wconf 92' lang='lat' dir='ltr'><strong>sq.),</strong></span> <span class='ocrx_word' id='word_1_168' title='bbox 1188 1449 1394 1493; x_wconf 76' lang='lat' dir='ltr'><strong>Strabone</strong></span> <span class='ocrx_word' id='word_1_169' title='bbox 1425 1451 1516 1507; x_wconf 85' lang='lat' dir='ltr'><strong>(VI,</strong></span> <span class='ocrx_word' id='word_1_170' title='bbox 1544 1449 1698 1506; x_wconf 83' lang='lat'><strong>399.)‚</strong></span> <span class='ocrx_word' id='word_1_171' title='bbox 1745 1448 2039 1509; x_wconf 85' lang='lat' dir='ltr'><strong>Theophrasto</strong></span> <span class='ocrx_word' id='word_1_172' title='bbox 2077 1454 2164 1510; x_wconf 87' lang='lat' dir='ltr'><strong>(ap.</strong></span> <span class='ocrx_word' id='word_1_173' title='bbox 2192 1450 2421 1496; x_wconf 89' lang='lat' dir='ltr'><strong>Stobaeum</strong></span> 
     </span>
     <span class='ocr_line' id='line_1_19' title="bbox 669 1509 2420 1575; baseline -0.001 -17"><span class='ocrx_word' id='word_1_174' title='bbox 669 1531 791 1559; x_wconf 86' lang='lat' dir='ltr'><strong>serm.</strong></span> <span class='ocrx_word' id='word_1_175' title='bbox 824 1514 975 1564; x_wconf 85' lang='lat' dir='ltr'>XLIV,</span> <span class='ocrx_word' id='word_1_176' title='bbox 998 1513 1105 1555; x_wconf 82' lang='lat'><strong>204.</strong></span> <span class='ocrx_word' id='word_1_177' title='bbox 1132 1511 1283 1566; x_wconf 83' lang='lat' dir='ltr'><strong>Gaisf.)</strong></span> <span class='ocrx_word' id='word_1_178' title='bbox 1316 1511 1449 1555; x_wconf 87' lang='lat' dir='ltr'><strong>allatis</strong></span> <span class='ocrx_word' id='word_1_179' title='bbox 1482 1509 1647 1554; x_wconf 83' lang='lat' dir='ltr'><strong>efficere</strong></span> <span class='ocrx_word' id='word_1_180' title='bbox 1679 1510 1841 1563; x_wconf 87' lang='lat' dir='ltr'><strong>studuit</strong></span> <span class='ocrx_word' id='word_1_181' title='bbox 1882 1511 2070 1563; x_wconf 90' lang='lat' dir='ltr'><strong>criticus,</strong></span> <span class='ocrx_word' id='word_1_182' title='bbox 2113 1512 2198 1571; x_wconf 89' lang='lat' dir='ltr'><strong>jam</strong></span> <span class='ocrx_word' id='word_1_183' title='bbox 2231 1513 2420 1575; x_wconf 83' lang='lat' dir='ltr'><strong>Heynius</strong></span> 
     </span>
     <span class='ocr_line' id='line_1_20' title="bbox 668 1572 2419 1638; baseline -0.001 -17"><span class='ocrx_word' id='word_1_184' title='bbox 668 1595 709 1638; x_wconf 91' lang='lat' dir='ltr'><strong>p.</strong></span> <span class='ocrx_word' id='word_1_185' title='bbox 732 1578 822 1621; x_wconf 85' lang='lat'><strong>162</strong></span> <span class='ocrx_word' id='word_1_186' title='bbox 850 1592 911 1635; x_wconf 90' lang='lat' dir='ltr'><strong>sq.</strong></span> <span class='ocrx_word' id='word_1_187' title='bbox 943 1574 1000 1618; x_wconf 89' lang='lat' dir='ltr'><strong>ita</strong></span> <span class='ocrx_word' id='word_1_188' title='bbox 1043 1572 1294 1635; x_wconf 86' lang='lat' dir='ltr'><strong>disputavit,</strong></span> <span class='ocrx_word' id='word_1_189' title='bbox 1342 1584 1388 1618; x_wconf 89' lang='lat' dir='ltr'><strong>ut</strong></span> <span class='ocrx_word' id='word_1_190' title='bbox 1430 1590 1606 1634; x_wconf 89' lang='lat' dir='ltr'><strong>prorsus</strong></span> <span class='ocrx_word' id='word_1_191' title='bbox 1648 1589 1742 1617; x_wconf 90' lang='lat' dir='ltr'><strong>eum</strong></span> <span class='ocrx_word' id='word_1_192' title='bbox 1780 1572 1980 1618; x_wconf 84' lang='lat' dir='ltr'><strong>refellisse</strong></span> <span class='ocrx_word' id='word_1_193' title='bbox 2021 1572 2222 1618; x_wconf 78' lang='lat' dir='ltr'><strong>videatur.</strong></span> <span class='ocrx_word' id='word_1_194' title='bbox 2306 1575 2419 1620; x_wconf 89' lang='lat' dir='ltr'><strong>Haec</strong></span> 
     </span>
     <span class='ocr_line' id='line_1_21' title="bbox 667 1635 2419 1698; baseline -0.002 -15"><span class='ocrx_word' id='word_1_195' title='bbox 667 1640 796 1698; x_wconf 86' lang='lat' dir='ltr'><strong>igitur</strong></span> <span class='ocrx_word' id='word_1_196' title='bbox 827 1636 1117 1698; x_wconf 89' lang='lat' dir='ltr'><strong>praeterimus.</strong></span> <span class='ocrx_word' id='word_1_197' title='bbox 1187 1637 1334 1695; x_wconf 82' lang='lat' dir='ltr'><strong>Neque</strong></span> <span class='ocrx_word' id='word_1_198' title='bbox 1372 1635 1453 1679; x_wconf 93' lang='lat' dir='ltr'><strong>hoc</strong></span> <span class='ocrx_word' id='word_1_199' title='bbox 1485 1635 1674 1694; x_wconf 87' lang='lat' dir='ltr'><strong>Bentlejo</strong></span> <span class='ocrx_word' id='word_1_200' title='bbox 1713 1636 1941 1688; x_wconf 88' lang='lat' dir='ltr'><strong>succurrit,</strong></span> <span class='ocrx_word' id='word_1_201' title='bbox 1987 1635 2102 1695; x_wconf 92' lang='lat' dir='ltr'><strong>quod</strong></span> <span class='ocrx_word' id='word_1_202' title='bbox 2137 1652 2185 1679; x_wconf 92' lang='lat' dir='ltr'><strong>eo</strong></span> <span class='ocrx_word' id='word_1_203' title='bbox 2218 1645 2419 1696; x_wconf 88' lang='lat' dir='ltr'><strong>tempore,</strong></span> 
     </span>
     <span class='ocr_line' id='line_1_22' title="bbox 668 1696 2418 1762; baseline -0.002 -19"><span class='ocrx_word' id='word_1_204' title='bbox 668 1718 753 1762; x_wconf 89' lang='lat' dir='ltr'><strong>quo</strong></span> <span class='ocrx_word' id='word_1_205' title='bbox 778 1698 1029 1743; x_wconf 87' lang='lat' dir='ltr'><strong>Charondae</strong></span> <span class='ocrx_word' id='word_1_206' title='bbox 1059 1697 1170 1755; x_wconf 87' lang='lat' dir='ltr'><strong>leges</strong></span> <span class='ocrx_word' id='word_1_207' title='bbox 1197 1696 1376 1739; x_wconf 87' lang='lat' dir='ltr'><strong>Thuriis</strong></span> <span class='ocrx_word' id='word_1_208' title='bbox 1400 1696 1728 1749; x_wconf 87' lang='lat' dir='ltr'><strong>admitterentur,</strong></span> <span class='ocrx_word' id='word_1_209' title='bbox 1755 1697 1809 1739; x_wconf 90' lang='lat' dir='ltr'><strong>ad</strong></span> <span class='ocrx_word' id='word_1_210' title='bbox 1830 1696 2073 1756; x_wconf 91' lang='lat' dir='ltr'><strong>popularem</strong></span> <span class='ocrx_word' id='word_1_211' title='bbox 2098 1707 2248 1740; x_wconf 89' lang='lat' dir='ltr'><strong>statum</strong></span> <span class='ocrx_word' id='word_1_212' title='bbox 2273 1715 2418 1741; x_wconf 90' lang='lat' dir='ltr'><strong>eorum</strong></span> 
     </span>
     <span class='ocr_line' id='line_1_23' title="bbox 667 1757 2417 1822; baseline -0.002 -15"><span class='ocrx_word' id='word_1_213' title='bbox 667 1761 973 1822; x_wconf 90' lang='lat' dir='ltr'><strong>rempublicam</strong></span> <span class='ocrx_word' id='word_1_214' title='bbox 1018 1758 1267 1817; x_wconf 84' lang='lat' dir='ltr'><strong>descriptam</strong></span> <span class='ocrx_word' id='word_1_215' title='bbox 1318 1757 1446 1801; x_wconf 88' lang='lat' dir='ltr'><strong>fuisse</strong></span> <span class='ocrx_word' id='word_1_216' title='bbox 1491 1757 1615 1802; x_wconf 92' lang='lat' dir='ltr'><strong>nobis</strong></span> <span class='ocrx_word' id='word_1_217' title='bbox 1660 1774 1905 1818; x_wconf 91' lang='lat' dir='ltr'><strong>persuasum</strong></span> <span class='ocrx_word' id='word_1_218' title='bbox 1945 1769 2006 1802; x_wconf 90' lang='lat' dir='ltr'><strong>est</strong></span> <span class='ocrx_word' id='word_1_219' title='bbox 2048 1775 2196 1804; x_wconf 92' lang='lat' dir='ltr'><strong>census</strong></span> <span class='ocrx_word' id='word_1_220' title='bbox 2239 1760 2417 1804; x_wconf 87' lang='lat' dir='ltr'><strong>maxime</strong></span> 
     </span>
     <span class='ocr_line' id='line_1_24' title="bbox 667 1819 2418 1882; baseline -0.002 -13"><span class='ocrx_word' id='word_1_221' title='bbox 667 1825 828 1870; x_wconf 85' lang='lat' dir='ltr'><strong>ratione</strong></span> <span class='ocrx_word' id='word_1_222' title='bbox 866 1822 1034 1866; x_wconf 88' lang='lat' dir='ltr'><strong>habita:</strong></span> <span class='ocrx_word' id='word_1_223' title='bbox 1072 1819 1225 1878; x_wconf 83' lang='lat' dir='ltr'><strong>Rhegii</strong></span> <span class='ocrx_word' id='word_1_224' title='bbox 1268 1830 1402 1863; x_wconf 85' lang='lat' dir='ltr'><strong>autem</strong></span> <span class='ocrx_word' id='word_1_225' title='bbox 1440 1830 1534 1864; x_wconf 89' lang='lat' dir='ltr'><strong>ante</strong></span> <span class='ocrx_word' id='word_1_226' title='bbox 1566 1819 1759 1864; x_wconf 87' lang='lat' dir='ltr'><strong>Anaxilai</strong></span> <span class='ocrx_word' id='word_1_227' title='bbox 1790 1831 1978 1882; x_wconf 89' lang='lat' dir='ltr'><strong>tempora</strong></span> <span class='ocrx_word' id='word_1_228' title='bbox 2016 1838 2248 1881; x_wconf 89' lang='lat' dir='ltr'><strong>paucorum</strong></span> <span class='ocrx_word' id='word_1_229' title='bbox 2285 1822 2418 1882; x_wconf 90' lang='lat' dir='ltr'><strong>impe-</strong></span> 
     </span>
     <span class='ocr_line' id='line_1_25' title="bbox 666 1881 2415 1940; baseline -0.001 -10"><span class='ocrx_word' id='word_1_230' title='bbox 666 1887 774 1931; x_wconf 86' lang='lat' dir='ltr'><strong>rium</strong></span> <span class='ocrx_word' id='word_1_231' title='bbox 805 1884 935 1928; x_wconf 89' lang='lat' dir='ltr'><strong>fuisse</strong></span> <span class='ocrx_word' id='word_1_232' title='bbox 965 1882 1118 1927; x_wconf 89' lang='lat' dir='ltr'><strong>docent</strong></span> <span class='ocrx_word' id='word_1_233' title='bbox 1140 1882 1266 1926; x_wconf 85' lang='lat' dir='ltr'><strong>Arist.</strong></span> <span class='ocrx_word' id='word_1_234' title='bbox 1295 1881 1386 1925; x_wconf 87' lang='lat' dir='ltr'><strong>Pol.</strong></span> <span class='ocrx_word' id='word_1_235' title='bbox 1402 1884 1452 1933; x_wconf 84' lang='lat' dir='ltr'><strong>V,</strong></span> <span class='ocrx_word' id='word_1_236' title='bbox 1480 1883 1549 1924; x_wconf 84' lang='lat'><strong>12.</strong></span> <span class='ocrx_word' id='word_1_237' title='bbox 1607 1881 1771 1925; x_wconf 88' lang='lat' dir='ltr'><strong>Heracl.</strong></span> <span class='ocrx_word' id='word_1_238' title='bbox 1793 1883 1914 1926; x_wconf 91' lang='lat' dir='ltr'><strong>Pont.</strong></span> <span class='ocrx_word' id='word_1_239' title='bbox 1938 1883 2061 1940; x_wconf 86' lang='lat' dir='ltr'><strong>frgm.</strong></span> <span class='ocrx_word' id='word_1_240' title='bbox 2080 1885 2212 1925; x_wconf 91' lang='lat' dir='ltr'>XXV.</span> <span class='ocrx_word' id='word_1_241' title='bbox 2263 1884 2415 1928; x_wconf 86' lang='lat' dir='ltr'><strong>Strabo</strong></span> 
     </span>
     <span class='ocr_line' id='line_1_26' title="bbox 665 1943 2416 2003; baseline -0.002 -10"><span class='ocrx_word' id='word_1_242' title='bbox 665 1950 734 2001; x_wconf 73' lang='lat' dir='ltr'><strong>VI,</strong></span> <span class='ocrx_word' id='word_1_243' title='bbox 767 1949 873 1992; x_wconf 83' lang='lat'><strong>395.</strong></span> <span class='ocrx_word' id='word_1_244' title='bbox 935 1945 1089 2002; x_wconf 85' lang='lat' dir='ltr'><strong>Rhegii</strong></span> <span class='ocrx_word' id='word_1_245' title='bbox 1123 1945 1233 1987; x_wconf 89' lang='lat' dir='ltr'><strong>enim</strong></span> <span class='ocrx_word' id='word_1_246' title='bbox 1267 1943 1571 1987; x_wconf 86' lang='lat' dir='ltr'><strong>Messeniorum</strong></span> <span class='ocrx_word' id='word_1_247' title='bbox 1616 1953 1758 1999; x_wconf 80' lang='lat' dir='ltr'><strong>gentes</strong></span> <span class='ocrx_word' id='word_1_248' title='bbox 1801 1943 2021 2003; x_wconf 87' lang='lat' dir='ltr'><strong>imperium</strong></span> <span class='ocrx_word' id='word_1_249' title='bbox 2065 1944 2330 1997; x_wconf 87' lang='lat' dir='ltr'><strong>exercebant,</strong></span> <span class='ocrx_word' id='word_1_250' title='bbox 2371 1946 2416 1989; x_wconf 88' lang='lat' dir='ltr'><strong>id</strong></span> 
     </span>
     <span class='ocr_line' id='line_1_27' title="bbox 665 2003 2414 2070; baseline -0.002 -16"><span class='ocrx_word' id='word_1_251' title='bbox 665 2009 784 2070; x_wconf 88' lang='lat' dir='ltr'><strong>quod</strong></span> <span class='ocrx_word' id='word_1_252' title='bbox 827 2025 916 2052; x_wconf 87' lang='lat' dir='ltr'><strong>non</strong></span> <span class='ocrx_word' id='word_1_253' title='bbox 959 2023 1007 2050; x_wconf 85' lang='lat' dir='ltr'><strong>ex</strong></span> <span class='ocrx_word' id='word_1_254' title='bbox 1047 2004 1295 2050; x_wconf 88' lang='lat' dir='ltr'><strong>Charondae</strong></span> <span class='ocrx_word' id='word_1_255' title='bbox 1337 2004 1534 2048; x_wconf 88' lang='lat' dir='ltr'><strong>institutis</strong></span> <span class='ocrx_word' id='word_1_256' title='bbox 1577 2003 1665 2048; x_wconf 74' lang='lat' dir='ltr'><strong>fieri</strong></span> <span class='ocrx_word' id='word_1_257' title='bbox 1709 2005 1868 2065; x_wconf 89' lang='lat' dir='ltr'><strong>potuit,</strong></span> <span class='ocrx_word' id='word_1_258' title='bbox 1917 2023 1964 2049; x_wconf 91' lang='lat' dir='ltr'><strong>ac</strong></span> <span class='ocrx_word' id='word_1_259' title='bbox 2003 2004 2209 2050; x_wconf 89' lang='lat' dir='ltr'><strong>nobilium</strong></span> <span class='ocrx_word' id='word_1_260' title='bbox 2250 2005 2414 2051; x_wconf 88' lang='lat' dir='ltr'><strong>illarum</strong></span> 
     </span>
     <span class='ocr_line' id='line_1_28' title="bbox 666 2066 2415 2131; baseline -0.002 -16"><span class='ocrx_word' id='word_1_261' title='bbox 666 2071 855 2131; x_wconf 85' lang='lat' dir='ltr'><strong>gentium</strong></span> <span class='ocrx_word' id='word_1_262' title='bbox 888 2067 1038 2126; x_wconf 87' lang='lat' dir='ltr'><strong>Rhegii</strong></span> <span class='ocrx_word' id='word_1_263' title='bbox 1069 2068 1306 2111; x_wconf 90' lang='lat' dir='ltr'><strong>dominatus</strong></span> <span class='ocrx_word' id='word_1_264' title='bbox 1341 2066 1589 2109; x_wconf 88' lang='lat' dir='ltr'><strong>Charondae</strong></span> <span class='ocrx_word' id='word_1_265' title='bbox 1624 2076 1796 2110; x_wconf 87' lang='lat' dir='ltr'><strong>aetatem</strong></span> <span class='ocrx_word' id='word_1_266' title='bbox 1827 2066 1957 2110; x_wconf 91' lang='lat' dir='ltr'><strong>multo</strong></span> <span class='ocrx_word' id='word_1_267' title='bbox 1988 2068 2205 2111; x_wconf 88' lang='lat' dir='ltr'><strong>antecedit.</strong></span> <span class='ocrx_word' id='word_1_268' title='bbox 2268 2069 2415 2129; x_wconf 89' lang='lat' dir='ltr'><strong>Neque</strong></span> 
     </span>
     <span class='ocr_line' id='line_1_29' title="bbox 665 2127 2414 2189; baseline -0.002 -12"><span class='ocrx_word' id='word_1_269' title='bbox 665 2133 837 2177; x_wconf 89' lang='lat' dir='ltr'><strong>omnino</strong></span> <span class='ocrx_word' id='word_1_270' title='bbox 871 2130 1115 2189; x_wconf 79' lang='lat' dir='ltr'><strong>putaverim,</strong></span> <span class='ocrx_word' id='word_1_271' title='bbox 1149 2128 1398 2171; x_wconf 88' lang='lat' dir='ltr'><strong>Charondae</strong></span> <span class='ocrx_word' id='word_1_272' title='bbox 1431 2127 1542 2185; x_wconf 85' lang='lat' dir='ltr'><strong>leges</strong></span> <span class='ocrx_word' id='word_1_273' title='bbox 1576 2128 1631 2170; x_wconf 91' lang='lat' dir='ltr'><strong>ad</strong></span> <span class='ocrx_word' id='word_1_274' title='bbox 1665 2128 1919 2186; x_wconf 90' lang='lat' dir='ltr'><strong>reipublicae</strong></span> <span class='ocrx_word' id='word_1_275' title='bbox 1948 2129 2125 2172; x_wconf 90' lang='lat' dir='ltr'><strong>formam</strong></span> <span class='ocrx_word' id='word_1_276' title='bbox 2159 2130 2414 2173; x_wconf 86' lang='lat' dir='ltr'><strong>constituen-</strong></span> 
     </span>
     <span class='ocr_line' id='line_1_30' title="bbox 664 2189 2413 2255; baseline 0 -17"><span class='ocrx_word' id='word_1_277' title='bbox 664 2195 761 2241; x_wconf 82' lang='lat' dir='ltr'><strong>dam</strong></span> <span class='ocrx_word' id='word_1_278' title='bbox 804 2191 1070 2255; x_wconf 87' lang='lat' dir='ltr'><strong>pertinuisse.</strong></span> <span class='ocrx_word' id='word_1_279' title='bbox 1142 2189 1299 2235; x_wconf 90' lang='lat' dir='ltr'><strong>Eadem</strong></span> <span class='ocrx_word' id='word_1_280' title='bbox 1344 2200 1404 2234; x_wconf 90' lang='lat' dir='ltr'><strong>est</strong></span> <span class='ocrx_word' id='word_1_281' title='bbox 1441 2189 1642 2234; x_wconf 89' lang='lat' dir='ltr'><strong>sententia</strong></span> <span class='ocrx_word' id='word_1_282' title='bbox 1684 2189 2004 2235; x_wconf 62' lang='lat' dir='ltr'><strong>WVachsmuthii</strong></span> <span class='ocrx_word' id='word_1_283' title='bbox 2045 2192 2145 2236; x_wconf 78' lang='lat' dir='ltr'><strong>hell.</strong></span> <span class='ocrx_word' id='word_1_284' title='bbox 2171 2193 2265 2237; x_wconf 77' lang='lat' dir='ltr'><strong>Alt.</strong></span> <span class='ocrx_word' id='word_1_285' title='bbox 2296 2193 2341 2246; x_wconf 94' lang='lat' dir='ltr'><strong>I,</strong></span> <span class='ocrx_word' id='word_1_286' title='bbox 2372 2192 2413 2238; x_wconf 89' lang='lat'><strong>1.</strong></span> 
     </span>
     <span class='ocr_line' id='line_1_31' title="bbox 664 2255 2411 2321; baseline -0.002 -18"><span class='ocrx_word' id='word_1_287' title='bbox 664 2277 705 2321; x_wconf 90' lang='lat' dir='ltr'><strong>p.</strong></span> <span class='ocrx_word' id='word_1_288' title='bbox 724 2259 811 2303; x_wconf 84' lang='lat'><strong>123</strong></span> <span class='ocrx_word' id='word_1_289' title='bbox 840 2272 952 2318; x_wconf 87' lang='lat' dir='ltr'><strong>sqq.:</strong></span> <span class='ocrx_word' id='word_1_290' title='bbox 998 2257 1079 2299; x_wconf 86' lang='lat' dir='ltr'><strong>des</strong></span> <span class='ocrx_word' id='word_1_291' title='bbox 1115 2255 1389 2298; x_wconf 76' lang='lat' dir='ltr'><strong>Cltaronclas</strong></span> <span class='ocrx_word' id='word_1_292' title='bbox 1421 2257 1518 2296; x_wconf 81' lang='lat' dir='ltr'><strong>und</strong></span> <span class='ocrx_word' id='word_1_293' title='bbox 1550 2256 1629 2296; x_wconf 77' lang='lat' dir='ltr'><strong>(les</strong></span> <span class='ocrx_word' id='word_1_294' title='bbox 1662 2255 1994 2298; x_wconf 81' lang='lat' dir='ltr'><strong>Androdamas</strong></span> <span class='ocrx_word' id='word_1_295' title='bbox 2029 2256 2217 2298; x_wconf 77' lang='lat' dir='ltr'><strong>Gesetze</strong></span> <span class='ocrx_word' id='word_1_296' title='bbox 2245 2258 2292 2299; x_wconf 86' lang='lat' dir='ltr'><strong>in</strong></span> <span class='ocrx_word' id='word_1_297' title='bbox 2322 2258 2411 2300; x_wconf 82' lang='lat' dir='ltr'><strong>den</strong></span> 
     </span>
     <span class='ocr_line' id='line_1_32' title="bbox 664 2317 2253 2366; baseline -0.004 0"><span class='ocrx_word' id='word_1_298' title='bbox 664 2321 1003 2366; x_wconf 74' lang='lat' dir='ltr'><strong>clmllcidisclzen</strong></span> <span class='ocrx_word' id='word_1_299' title='bbox 1034 2320 1229 2361; x_wconf 78' lang='lat' dir='ltr'><strong>Stiidten</strong></span> <span class='ocrx_word' id='word_1_300' title='bbox 1262 2318 1484 2359; x_wconf 78' lang='lat' dir='ltr'><strong>orclneten</strong></span> <span class='ocrx_word' id='word_1_301' title='bbox 1518 2317 1780 2360; x_wconf 74' lang='lat' dir='ltr'><strong>schwerliclz</strong></span> <span class='ocrx_word' id='word_1_302' title='bbox 1809 2318 1927 2360; x_wconf 77' lang='lat' dir='ltr'><strong>auch</strong></span> <span class='ocrx_word' id='word_1_303' title='bbox 1960 2319 2033 2360; x_wconf 80' lang='lat' dir='ltr'><strong>die</strong></span> <span class='ocrx_word' id='word_1_304' title='bbox 2064 2319 2253 2361; x_wconf 76' lang='lat' dir='ltr'><strong>Stic&#39;nde.</strong></span> 
     </span>
    </p>
   </div>
   <div class='ocr_carea' id='block_1_3' title="bbox 664 2388 2414 2637">
    <p class='ocr_par' dir='ltr' id='par_1_3' title="bbox 664 2388 2414 2637">
     <span class='ocr_line' id='line_1_33' title="bbox 790 2388 2414 2450; baseline -0.001 -14"><span class='ocrx_word' id='word_1_305' title='bbox 790 2395 893 2437; x_wconf 84' lang='lat' dir='ltr'><strong>Eam</strong></span> <span class='ocrx_word' id='word_1_306' title='bbox 927 2392 1108 2450; x_wconf 87' lang='lat' dir='ltr'><strong>denique</strong></span> <span class='ocrx_word' id='word_1_307' title='bbox 1141 2391 1400 2441; x_wconf 83' lang='lat' dir='ltr'><strong>sententiam,</strong></span> <span class='ocrx_word' id='word_1_308' title='bbox 1433 2407 1557 2447; x_wconf 88' lang='lat' dir='ltr'><strong>quam</strong></span> <span class='ocrx_word' id='word_1_309' title='bbox 1591 2388 1895 2433; x_wconf 74' lang='lat' dir='ltr'><strong>Sai‘nte-Croix</strong></span> <span class='ocrx_word' id='word_1_310' title='bbox 1927 2391 2149 2449; x_wconf 88' lang='lat' dir='ltr'><strong>proposuit</strong></span> <span class='ocrx_word' id='word_1_311' title='bbox 2179 2391 2223 2434; x_wconf 90' lang='lat' dir='ltr'><strong>in</strong></span> <span class='ocrx_word' id='word_1_312' title='bbox 2257 2391 2414 2438; x_wconf 60' lang='lat' dir='ltr'><strong>dissors</strong></span> 
     </span>
     <span class='ocr_line' id='line_1_34' title="bbox 664 2450 2412 2514; baseline -0.003 -12"><span class='ocrx_word' id='word_1_313' title='bbox 664 2455 893 2503; x_wconf 86' lang='lat' dir='ltr'><strong>tationibus</strong></span> <span class='ocrx_word' id='word_1_314' title='bbox 923 2453 973 2499; x_wconf 89' lang='lat' dir='ltr'><strong>de</strong></span> <span class='ocrx_word' id='word_1_315' title='bbox 1002 2452 1164 2514; x_wconf 85' lang='lat' dir='ltr'><strong>legibus</strong></span> <span class='ocrx_word' id='word_1_316' title='bbox 1190 2453 1372 2513; x_wconf 81' lang='lat' dir='ltr'><strong>Magnae</strong></span> <span class='ocrx_word' id='word_1_317' title='bbox 1396 2450 1594 2496; x_wconf 88' lang='lat' dir='ltr'><strong>Graeciae</strong></span> <span class='ocrx_word' id='word_1_318' title='bbox 1617 2450 1660 2495; x_wconf 89' lang='lat' dir='ltr'><strong>in</strong></span> <span class='ocrx_word' id='word_1_319' title='bbox 1685 2452 1935 2497; x_wconf 52' lang='lat' dir='ltr'><strong>Mamoires</strong></span> <span class='ocrx_word' id='word_1_320' title='bbox 1953 2455 2008 2497; x_wconf 82' lang='lat' dir='ltr'><strong>(le</strong></span> <span class='ocrx_word' id='word_1_321' title='bbox 2031 2453 2207 2497; x_wconf 84' lang='lat' dir='ltr'><strong>l’Acacl.</strong></span> <span class='ocrx_word' id='word_1_322' title='bbox 2238 2461 2264 2497; x_wconf 86' lang='lat' dir='ltr'><strong>t.</strong></span> <span class='ocrx_word' id='word_1_323' title='bbox 2281 2452 2412 2506; x_wconf 87' lang='lat' dir='ltr'><strong>XLII,</strong></span> 
     </span>
     <span class='ocr_line' id='line_1_35' title="bbox 664 2514 2408 2576; baseline -0.004 -12"><span class='ocrx_word' id='word_1_324' title='bbox 664 2521 770 2563; x_wconf 90' lang='lat' dir='ltr'><strong>duos</strong></span> <span class='ocrx_word' id='word_1_325' title='bbox 801 2519 946 2569; x_wconf 89' lang='lat' dir='ltr'><strong>fuisse,</strong></span> <span class='ocrx_word' id='word_1_326' title='bbox 979 2518 1051 2576; x_wconf 87' lang='lat' dir='ltr'><strong>qui</strong></span> <span class='ocrx_word' id='word_1_327' title='bbox 1078 2517 1326 2559; x_wconf 88' lang='lat' dir='ltr'><strong>Charondae</strong></span> <span class='ocrx_word' id='word_1_328' title='bbox 1348 2531 1500 2558; x_wconf 88' lang='lat' dir='ltr'><strong>nomen</strong></span> <span class='ocrx_word' id='word_1_329' title='bbox 1535 2515 1702 2566; x_wconf 84' lang='lat' dir='ltr'><strong>ferrent,</strong></span> <span class='ocrx_word' id='word_1_330' title='bbox 1735 2514 1906 2557; x_wconf 88' lang='lat' dir='ltr'><strong>alterum</strong></span> <span class='ocrx_word' id='word_1_331' title='bbox 1929 2514 2205 2567; x_wconf 71' lang='lat' dir='ltr'><strong>Thur-iorum,</strong></span> <span class='ocrx_word' id='word_1_332' title='bbox 2235 2515 2408 2559; x_wconf 83' lang='lat' dir='ltr'><strong>alterum</strong></span> 
     </span>
     <span class='ocr_line' id='line_1_36' title="bbox 664 2575 2409 2637; baseline -0.003 -11"><span class='ocrx_word' id='word_1_333' title='bbox 664 2581 949 2626; x_wconf 85' lang='lat' dir='ltr'><strong>Catinensium</strong></span> <span class='ocrx_word' id='word_1_334' title='bbox 996 2577 1335 2637; x_wconf 86' lang='lat' dir='ltr'><strong>legumlatorem,</strong></span> <span class='ocrx_word' id='word_1_335' title='bbox 1386 2575 1570 2619; x_wconf 79' lang='lat' dir='ltr'><strong>refellere</strong></span> <span class='ocrx_word' id='word_1_336' title='bbox 1619 2576 1963 2636; x_wconf 87' lang='lat' dir='ltr'><strong>supersedemus,</strong></span> <span class='ocrx_word' id='word_1_337' title='bbox 2014 2593 2141 2635; x_wconf 90' lang='lat' dir='ltr'><strong>quum</strong></span> <span class='ocrx_word' id='word_1_338' title='bbox 2182 2577 2272 2637; x_wconf 92' lang='lat' dir='ltr'><strong>ipse</strong></span> <span class='ocrx_word' id='word_1_339' title='bbox 2319 2577 2409 2636; x_wconf 86' lang='lat' dir='ltr'><strong>ejus</strong></span> 
     </span>
    </p>
   </div>
   <div class='ocr_carea' id='block_1_4' title="bbox 663 2714 2408 2824">
    <p class='ocr_par' dir='ltr' id='par_1_4' title="bbox 663 2714 2408 2824">
     <span class='ocr_line' id='line_1_37' title="bbox 776 2714 2408 2774; baseline -0.004 -11"><span class='ocrx_word' id='word_1_340' title='bbox 776 2725 815 2774; x_wconf 81' lang='lat'><strong>3)</strong></span> <span class='ocrx_word' id='word_1_341' title='bbox 857 2725 969 2771; x_wconf 87' lang='lat' dir='ltr'><strong>Quod</strong></span> <span class='ocrx_word' id='word_1_342' title='bbox 1008 2714 1245 2762; x_wconf 75' lang='lat' dir='ltr'><strong>Morisoiiius</strong></span> <span class='ocrx_word' id='word_1_343' title='bbox 1287 2722 1481 2760; x_wconf 84' lang='lat' dir='ltr'><strong>contendit</strong></span> <span class='ocrx_word' id='word_1_344' title='bbox 1517 2722 1692 2772; x_wconf 81' lang='lat' dir='ltr'><strong>Inscript.</strong></span> <span class='ocrx_word' id='word_1_345' title='bbox 1725 2721 1892 2768; x_wconf 88' lang='lat' dir='ltr'><strong>Reginae</strong></span> <span class='ocrx_word' id='word_1_346' title='bbox 1927 2725 2064 2769; x_wconf 83' lang='lat' dir='ltr'><strong>p.39.‚</strong></span> <span class='ocrx_word' id='word_1_347' title='bbox 2100 2721 2344 2760; x_wconf 80' lang='lat' dir='ltr'><strong>Charondam</strong></span> <span class='ocrx_word' id='word_1_348' title='bbox 2376 2733 2408 2757; x_wconf 91' lang='lat' dir='ltr'><strong>c.</strong></span> 
     </span>
     <span class='ocr_line' id='line_1_38' title="bbox 663 2773 2061 2824; baseline -0.004 -9"><span class='ocrx_word' id='word_1_349' title='bbox 663 2778 726 2818; x_wconf 92' lang='lat' dir='ltr'><strong>Ol.</strong></span> <span class='ocrx_word' id='word_1_350' title='bbox 744 2778 910 2815; x_wconf 86' lang='lat' dir='ltr'>LXXX.</span> <span class='ocrx_word' id='word_1_351' title='bbox 936 2777 1116 2824; x_wconf 75' lang='lat' dir='ltr'><strong>Rheginis</strong></span> <span class='ocrx_word' id='word_1_352' title='bbox 1144 2778 1244 2823; x_wconf 78' lang='lat' dir='ltr'><strong>leges</strong></span> <span class='ocrx_word' id='word_1_353' title='bbox 1271 2774 1506 2818; x_wconf 84' lang='lat' dir='ltr'><strong>condidisse,</strong></span> <span class='ocrx_word' id='word_1_354' title='bbox 1534 2775 1639 2811; x_wconf 85' lang='lat' dir='ltr'><strong>nulla</strong></span> <span class='ocrx_word' id='word_1_355' title='bbox 1667 2773 1889 2811; x_wconf 79' lang='lat' dir='ltr'><strong>auctoritate</strong></span> <span class='ocrx_word' id='word_1_356' title='bbox 1917 2774 2061 2810; x_wconf 83' lang='lat' dir='ltr'><strong>nititur.</strong></span> 
     </span>
    </p>
   </div>
   <div class='ocr_carea' id='block_1_5' title="bbox 662 2836 2407 2943">
    <p class='ocr_par' dir='ltr' id='par_1_5' title="bbox 662 2836 2407 2943">
     <span class='ocr_line' id='line_1_39' title="bbox 769 2836 2407 2889; baseline -0.004 -11"><span class='ocrx_word' id='word_1_357' title='bbox 769 2840 810 2889; x_wconf 89' lang='lat'><strong>4)</strong></span> <span class='ocrx_word' id='word_1_358' title='bbox 846 2839 1022 2878; x_wconf 83' lang='lat' dir='ltr'><strong>Ridiculo</strong></span> <span class='ocrx_word' id='word_1_359' title='bbox 1051 2852 1181 2876; x_wconf 85' lang='lat' dir='ltr'><strong>errore</strong></span> <span class='ocrx_word' id='word_1_360' title='bbox 1210 2838 1369 2888; x_wconf 87' lang='lat' dir='ltr'><strong>Tyrium</strong></span> <span class='ocrx_word' id='word_1_361' title='bbox 1397 2838 1640 2886; x_wconf 83' lang='lat' dir='ltr'><strong>appellavere</strong></span> <span class='ocrx_word' id='word_1_362' title='bbox 1666 2837 1883 2874; x_wconf 86' lang='lat' dir='ltr'><strong>Alexander</strong></span> <span class='ocrx_word' id='word_1_363' title='bbox 1914 2840 2052 2885; x_wconf 83' lang='lat' dir='ltr'><strong>genial.</strong></span> <span class='ocrx_word' id='word_1_364' title='bbox 2083 2837 2176 2874; x_wconf 88' lang='lat' dir='ltr'><strong>dier.</strong></span> <span class='ocrx_word' id='word_1_365' title='bbox 2204 2838 2230 2874; x_wconf 88' lang='lat' dir='ltr'><strong>l.</strong></span> <span class='ocrx_word' id='word_1_366' title='bbox 2248 2836 2316 2882; x_wconf 88' lang='lat' dir='ltr'><strong>VI,</strong></span> <span class='ocrx_word' id='word_1_367' title='bbox 2347 2838 2407 2873; x_wconf 86' lang='lat'><strong>10.</strong></span> 
     </span>
     <span class='ocr_line' id='line_1_40' title="bbox 662 2889 2055 2943; baseline -0.004 -12"><span class='ocrx_word' id='word_1_368' title='bbox 662 2895 748 2940; x_wconf 85' lang='lat' dir='ltr'><strong>alii,</strong></span> <span class='ocrx_word' id='word_1_369' title='bbox 785 2893 833 2930; x_wconf 91' lang='lat' dir='ltr'><strong>de</strong></span> <span class='ocrx_word' id='word_1_370' title='bbox 863 2893 1004 2943; x_wconf 86' lang='lat' dir='ltr'><strong>quibus</strong></span> <span class='ocrx_word' id='word_1_371' title='bbox 1033 2905 1068 2929; x_wconf 87' lang='lat' dir='ltr'><strong>v.</strong></span> <span class='ocrx_word' id='word_1_372' title='bbox 1089 2891 1238 2928; x_wconf 87' lang='lat' dir='ltr'><strong>Fabric.</strong></span> <span class='ocrx_word' id='word_1_373' title='bbox 1265 2891 1357 2927; x_wconf 85' lang='lat' dir='ltr'><strong>bibl.</strong></span> <span class='ocrx_word' id='word_1_374' title='bbox 1386 2890 1453 2925; x_wconf 87' lang='lat' dir='ltr'><strong>Gr.</strong></span> <span class='ocrx_word' id='word_1_375' title='bbox 1484 2897 1508 2925; x_wconf 86' lang='lat' dir='ltr'><strong>t.</strong></span> <span class='ocrx_word' id='word_1_376' title='bbox 1528 2890 1556 2935; x_wconf 85' lang='lat'><strong>1,</strong></span> <span class='ocrx_word' id='word_1_377' title='bbox 1587 2892 1733 2938; x_wconf 80' lang='lat' dir='ltr'><strong>p.536.</strong></span> <span class='ocrx_word' id='word_1_378' title='bbox 1758 2889 1816 2927; x_wconf 86' lang='lat' dir='ltr'><strong>ed.</strong></span> <span class='ocrx_word' id='word_1_379' title='bbox 1847 2891 1914 2933; x_wconf 82' lang='lat'><strong>111,</strong></span> <span class='ocrx_word' id='word_1_380' title='bbox 1943 2893 2055 2925; x_wconf 78' lang='lat'><strong>1718.</strong></span> 
     </span>
    </p>
   </div>
  </div>
 </body>
</html>
