2948 3721
1333 327 1404 374 55

498 439 569 502 qui
599 441 716 496 xm,
744 441 818 487 45.
850 441 905 488 ad
934 442 1001 489 Ol.
1025 444 1157 497 XCII,
1185 446 1227 490 3.
1255 443 1382 489 refert
1423 442 1473 489 cf.
1497 441 1635 488 Thuc.
1652 443 1770 494 VIII,
1802 440 1890 486 103
1912 443 2054 513 sqq.).·
2099 440 2241 501 Quum

497 504 582 565 jam
618 521 749 567 prope
778 505 949 565 Sigeum
985 518 1089 552 esset
1117 507 1310 560 Dorieus,
1339 506 1575 569 speculator
1607 505 1784 548 diurnus
1811 504 2143 557 Atheniensium,
2170 506 2243 566 qui

498 567 553 610 ad
585 567 748 612 Sestum
784 570 1078 624 morabantur,
1115 571 1166 614 iis
1196 571 1363 629 signum
1395 570 1536 623 dedit,
1577 587 1661 629 quo
1696 569 1804 612 sacto
1841 568 1985 626 viginti
2012 567 2243 611 Athenien-

496 629 604 674 sium
638 648 763 675 naves
794 632 992 677 adversus
1023 651 1114 677 eum
1146 644 1362 694 provectae
1391 644 1488 677 sunt
1519 632 1612 690 (Sic
1633 631 1870 691 Xenophon
1897 630 1985 683 l.l.;
2010 630 2240 675 secundum

495 691 731 737 Diodorum
757 705 841 738 tota
867 694 1009 739 classis
1036 697 1203 740 navium
1232 707 1412 757 quatuor
1439 706 1478 739 et
1502 693 1764 755 septuaginta
1796 704 1936 737 contra
1967 711 2059 736 eum
2084 693 2245 752 movit).

495 753 677 798 Doricus
718 756 760 798 in
808 757 947 815 sugam
988 776 1211 802 conversus
1245 758 1299 801 ad
1332 758 1575 801 Dardanum
1611 772 1736 799 naves
1769 756 1968 798 subduxit
2004 755 2149 811 (Diod.
2181 782 2239 790 --

495 813 787 879 Ἀνεβίβαὲε
815 819 903 869 τοίς
935 822 1107 869 ἑαυτοῦ
1139 818 1351 883 τριήρεις,
1392 818 1449 868 ὦς
1480 816 1629 876 ἤνοιγε
1658 818 1761 880 περὶ
1795 817 1848 866 τό
1879 815 2079 866 Ῥοίτιον.
2104 818 2239 876 Xen.).

492 878 555 923 Eo
584 896 711 939 quum
737 881 946 926 venissent
972 882 1287 928 Atheniensium
1322 882 1527 932 triremes,
1561 881 1612 925 de
1646 880 1822 924 navibus
1852 896 1899 923 ac
1934 889 2040 923 terra
2072 895 2240 939 pugna-

493 951 581 983 tum
616 952 697 993 est,
742 942 874 987 donec
914 945 1189 989 Athenienses
1231 963 1275 989 re
1309 946 1459 989 infecta
1483 944 1710 1006 ‘Madytum
1747 943 1800 985 ad
1843 942 2015 984 classem
2049 958 2092 983 se
2124 959 2239 984 rece-

493 1019 604 1063 pere.
668 1004 889 1050 Mindarus
933 1018 1068 1052 autem
1102 1007 1258 1052 Dorieo
1299 1007 1452 1052 auxilio
1495 1006 1782 1064 adnavigavit,
1824 1015 1945 1065 atque
1990 1004 2238 1049 acerrimum

491 1065 696 1125 proelium
731 1068 837 1110 inter
864 1070 1217 1114 Lacedaemonios
1247 1081 1285 1113 et
1309 1071 1583 1113 Athenienses
1616 1068 1881 1111 commissum
1907 1077 1967 1108 est
1988 1077 2025 1108 et
2050 1066 2239 1125 sequenti

492 1126 561 1170 die
594 1127 944 1187 redinteg1·atum;
979 1149 1025 1175 ex
1058 1143 1235 1193 utroque
1269 1131 1435 1175 duobus
1469 1130 1666 1189 deinceps
1697 1129 1846 1172 diebus
1875 1128 2047 1172 victores
2081 1128 2238 1172 disces-

491 1200 635 1233 serunt
677 1191 965 1237 Athenienses,
1061 1195 1177 1252 Quot
1222 1194 1477 1238 Thuriorum
1524 1209 1649 1235 naves
1701 1193 1735 1234 ei
1785 1190 1892 1234 cladi
1939 1190 2237 1250 superfuerint,

491 1252 725 1297 nescimus:
772 1254 888 1298 nulla
933 1256 1031 1298 inde
1062 1257 1318 1299 'l'huriorum
1354 1257 1397 1299 in
1431 1255 1832 1314 Peloponnesiorum
1867 1253 1996 1296 classe
2027 1253 2237 1313 stipendia

490 1313 730 1359 facientium
765 1315 810 1360 fit
839 1318 1016 1370 mentio,
1050 1336 1182 1379 usque
1214 1319 1267 1362 ad
1299 1318 1364 1362 Ol.
1392 1319 1549 1368 XCIII,
1579 1320 1619 1359 2.
1686 1317 1746 1359 Eo
1780 1332 1891 1358 anno
1921 1315 2236 1360 Phanosthcnes

490 1376 757 1422 Atheniensis
800 1379 843 1422 in
886 1380 1079 1424 Andrum
1125 1382 1202 1425 iter
1242 1381 1398 1424 faciens
1438 1381 1499 1437 (in
1534 1379 1717 1422 Cononis
1756 1377 1890 1422 locum
1928 1395 2019 1420 cum
2055 1390 2236 1437 quatuor

490 1439 667 1483 navibus
701 1457 748 1483 eo
781 1441 953 1500 missus)
986 1442 1029 1485 in
1063 1443 1281 1486 Thurinas
1312 1443 1499 1486 triremes
1530 1440 1634 1484 duas
1666 1440 1834 1492 incidit,
1867 1440 2022 1500 quibus
2053 1441 2233 1484 Doricus

489 1500 684 1545 Rhodius
713 1503 913 1561 praefuit:
948 1504 1121 1548 fortasse
1148 1505 1225 1548 hae
1253 1504 1365 1547 solae
1390 1504 1550 1547 cladem
1581 1520 1713 1562 prope
1736 1508 1778 1550 K
1790 1502 1885 1550 υνός
1911 1507 2034 1558 σῆμα
2062 1520 2233 1562 supera-

489 1573 646 1608 verant.
710 1566 897 1625 Utraque
927 1566 1042 1609 navis
1076 1566 1129 1609 ab
1153 1566 1479 1610 Atheniensibus
1509 1576 1650 1624 capta,
1693 1564 1841 1608 milites
1871 1563 1913 1607 in
1942 1564 2105 1608 vincula
2133 1582 2233 1609 con-

489 1624 606 1683 jecti,
648 1625 829 1669 Dorieus
861 1627 950 1685 ipse
982 1627 1168 1671 Athenas
1201 1639 1443 1687 pertractus,
1507 1627 1805 1669 “Athenienses
1838 1636 1994 1677 autem,
2032 1628 2102 1686 qui
2137 1637 2232 1670 ante

488 1685 723 1731 vehementi
765 1687 826 1731 ira
867 1688 1036 1748 impulsi
1076 1700 1253 1733 extrema
1296 1690 1435 1733 omnia
1484 1687 1543 1731 illi
1589 1688 1754 1731 fucrant
1797 1688 2055 1740 comminati,
2109 1687 2232 1731 simul

488 1756 611 1808 atque
645 1748 688 1791 in
723 1749 964 1793 concionem
996 1751 1145 1810 captivi
1178 1751 1323 1794 habitu
1356 1750 1606 1812 productum
1642 1759 1969 1809 conspexerunt,
2009 1751 2111 1793 tanti
2144 1750 2235 1804 viri,

489 1819 528 1852 et
562 1810 681 1869 cujus
717 1827 870 1853 nomen
903 1822 985 1854 tam
1023 1812 1178 1871 insigni
1219 1813 1350 1871 gloria
1393 1812 1558 1863 fuisset,
1600 1812 1865 1854 miseratione
1899 1811 2089 1862 adducti,
2131 1829 2232 1854 con-

487 1887 604 1915 versa
647 1871 702 1915 ad
740 1873 1101 1917 mansuetudinem
1143 1876 1365 1926 sententia,
1410 1873 1658 1918 incolumem
1698 1884 1736 1917 et
1776 1873 2025 1933 impunitum
2062 1872 2231 1917 dimise-

486 1945 607 1986 runt,
652 1949 780 1994 quum
820 1947 957 1981 tamen
997 1936 1147 1981 multas
1177 1937 1378 1982 haberent
1413 1937 1514 1996 justi
1547 1937 1590 1980 in
1624 1953 1715 1980 eum
1751 1936 1836 1979 odii
1869 1942 2051 1979 causas.’'
2106 1936 2232 1986 Paus.

486 1996 559 2049 VI,
593 1998 635 2040 7.
671 1997 811 2040 Minus
847 1997 1068 2057 diligenter
1097 2000 1334 2060 Xenophon
1371 1999 1472 2042 haec
1505 2000 1690 2042 narravit
1723 1998 1880 2041 Hellen.
1904 2000 1936 2050 I,
1957 2001 1996 2050 5,
2021 1998 2113 2050 11.,
2145 2016 2231 2041 non

485 2059 672 2103 Athenas
704 2060 977 2121 perductum,
1021 2061 1095 2105 sed
1121 2063 1257 2106 statim
1292 2080 1315 2105 a
1349 2062 1642 2106 Phanosthene
1677 2062 1893 2105 dimissum
1930 2061 2130 2104 Doricum
2165 2079 2232 2105 ex-

486 2121 649 2167 hibens.
723 2123 856 2167 Addit
892 2123 1093 2168 nonnulla
1126 2125 1355 2169 Pausanias
1389 2141 1434 2168 ex
1468 2124 1730 2168 Androtione
1773 2124 1824 2167 de
1863 2123 2053 2167 extremis
2087 2123 2230 2167 Dorici

487 2184 676 2237 casibus,
709 2202 815 2244 quae
849 2196 985 2228 tamen
1020 2187 1240 2230 addubitat
1273 2187 1327 2229 O.
1357 2187 1584 2229 Muellerus
1620 2187 1743 2228 Dorr.
1776 2185 1828 2237 11,
1861 2203 1899 2244 p.
1921 2187 2018 2228 148.
2052 2196 2133 2226 not.
2157 2189 2199 2228 3.

609 2247 658 2288 In
692 2246 834 2289 Sicilia
869 2247 1022 2291 interea
1057 2249 1207 2293 acriter
1239 2249 1435 2293 bellatum
1475 2260 1535 2293 est
1567 2248 1815 2309 Dionysium
1849 2247 1955 2290 inter
1983 2257 2021 2290 et
2054 2246 2229 2291 Cartha-

486 2307 717 2367 ginienses,
762 2325 785 2351 a
828 2308 981 2368 quibus
1013 2310 1277 2355 vehementer
1318 2312 1385 2355 ille
1418 2329 1607 2372 pressus,
1646 2321 1866 2370 postquam
1909 2309 1981 2351 diu
2024 2310 2230 2353 recusavit

486 2370 588 2429 quin
621 2370 877 2414 Italiotarum
912 2372 1109 2417 auxilium
1139 2386 1343 2434 expeteret
1370 2374 1513 2428 (Diod.
1532 2376 1646 2423 XIII,
1664 2374 1777 2426 92),
1810 2371 1979 2415 tandem
2006 2382 2053 2415 ut
2075 2372 2227 2416 Graeci

484 2431 626 2476 ltaliae
660 2432 740 2477 sibi
775 2449 895 2494 opem
928 2433 1083 2479 ferrent
1112 2452 1260 2495 rogare
1291 2446 1456 2481 coactus
1486 2446 1555 2479 est.
1587 2434 1712 2479 Diod.
1734 2436 1852 2490 XIII,
1874 2435 1976 2478 109.
2039 2433 2123 2477 Nec
2156 2434 2228 2478 diu

484 2493 685 2546 Italiotae,
715 2496 785 2554 qui
821 2496 856 2539 ei
889 2496 1039 2539 auxilio
1072 2509 1280 2550 venerant,
1312 2499 1355 2541 in
1384 2497 1525 2541 Sicilia
1556 2498 1789 2548 substitere,
1815 2497 1891 2539 sed
1918 2497 2034 2540 clade
2061 2508 2227 2556 accepta

486 2566 525 2601 et
558 2556 613 2600 ob
647 2556 747 2600 alias
786 2557 960 2619 insuper
992 2576 1136 2605 causas
1174 2561 1217 2605 in
1251 2561 1501 2623 Dionysium
1536 2560 1696 2604 incensi
1737 2559 1882 2603 eodem
1912 2576 2021 2603 anno
2056 2558 2227 2604 domum

484 2618 711 2664 redierunt.
742 2619 868 2664 Diod.
891 2623 1006 2675 Xlll,
1033 2624 1131 2667 112.
1196 2624 1401 2684 Conjicio,
1430 2623 1612 2666 Thurios
1637 2634 1674 2666 et
1696 2623 1809 2683 ipsos
1838 2622 1924 2680 ejus
1952 2620 2228 2680 expeditionis

484 2682 622 2726 socios
654 2682 784 2725 fuisse
811 2693 848 2725 et
878 2685 1104 2729 nonnullos
1134 2704 1274 2729 eorum
1308 2698 1403 2747 post
1434 2685 1690 2728 Italiotarum
1719 2686 1945 2728 discessum
1980 2683 2093 2743 apud
2123 2684 2227 2728 Dio-

484 2762 512 2788 n
546 2745 652 2789 sium
689 2746 961 2790 remansisse:
1013 2748 1136 2793 fuerit
1168 2749 1209 2793 in
1252 2749 1316 2792 his
1350 2748 1462 2793 Arch
1497 2747 1586 2799 lus,
1633 2751 1754 2807 cujus
1788 2746 1946 2806 aliquot
1979 2747 2100 2791 annis
2133 2758 2227 2807 post

485 2763 572 2861 (gl.
597 2807 723 2859 XCV,
749 2807 811 2864 4.)
841 2807 892 2852 de
918 2808 1125 2872 Dionysio
1157 2812 1200 2856 in
1231 2829 1453 2871 expugnan
1488 2828 1510 2855 a
1535 2810 1681 2871 Motya
1709 2809 1813 2854 urbe
1846 2809 1991 2854 merita
2022 2809 2225 2853 enarravit

482 2867 697 2914 Diodorus
732 2870 843 2926 XIV,
874 2872 945 2916 52.
971 2873 1042 2919 53.

1713 2949 1772 2986 5*
