2960 3733
1545 342 1612 388 24

703 472 797 500 rum
830 456 934 500 ratio
966 464 1149 498 constat:
1191 450 1478 513 Empedocles,
1511 454 1546 495 T
1551 453 1795 514 hucydideS,
1827 454 2103 502 Plesirrhous.
2168 455 2289 501 Illum
2322 452 2446 515 paulo

702 529 797 578 post
830 517 1009 560 Thurios
1043 515 1235 560 conditos
1270 533 1317 559 eo
1351 514 1534 568 venisse,
1565 515 1793 559 tradiderat
1825 515 2112 574 Apollodorus
2143 518 2446 566 Grammaticus

700 581 742 622 in
775 579 991 622 Chronicis
1022 596 1069 621 ex
1104 578 1284 631 Glauco3
1317 595 1383 638 ap.
1416 578 1541 637 Diog.
1572 579 1833 630 Lam-cvm,
1865 581 1908 630 2,
1941 580 2001 623 1.:

792 643 854 690 εἷς
887 637 934 689 δὲ
968 640 1175 705 Θουρίους

787 702 932 752 αὐτὸν
964 703 1130 753 νεωστὶ
1162 707 1416 752 παντελῶς
1447 704 1741 764 ἐκτισμένους

790 769 1006 815 Γλαῦκος
1034 792 1098 800 -
1126 767 1299 815 ἐλθεῖν
1328 764 1474 828 φησίν.

697 827 842 871 Minus
872 830 1095 888 probatum
1127 838 1185 871 est
1219 828 1316 870 viris
1347 827 1504 879 doctis,
1540 827 1654 887 quod
1682 827 1876 870 Timaeus
1909 825 2116 887 prodidit,
2152 826 2445 892 Thucydidem

698 889 820 933 Olori
855 891 881 932 f.
912 890 1087 933 Athenis
1120 889 1277 932 exulem
1317 889 1574 948 aliquantum
1608 890 1651 932 in
1694 889 1812 932 Italia
1854 890 2062 934 habitasse
2101 892 2186 951 (ap.
2216 892 2448 939 Marcellin.

698 952 765 994 vit.
790 951 920 994 Thuc.
949 968 988 1009 p.
1003 952 1059 994 VI
1088 950 1235 1005 Dind.)
1269 950 1515 994 Accuratius
1546 968 1593 993 ex
1624 951 1702 993 vita
1739 951 2003 1011 Thucydidis
2036 947 2278 1001 α’δεσπότω
2310 973 2350 1015 p.
2368 958 2447 999 XV

696 1011 825 1055 Dind.
853 1012 1075 1065 discimus,
1109 1029 1202 1055 eum
1231 1012 1426 1074 Sybarim
1462 1013 1714 1056 concessisse
1746 1012 1816 1071 (cf.
1835 1012 2224 1059 Dodwell.Annall.
2251 1002 2445 1081 Thucyd.

697 1093 737 1135 p.
758 1076 863 1131 25).
926 1076 1102 1134 Utrique
1146 1076 1377 1118 narrationi
1406 1078 1492 1119 VV.
1524 1076 1615 1118 DD.
1649 1074 1772 1118 fidem
1815 1075 2101 1133 derogandam
2146 1093 2234 1120 csse
2273 1095 2445 1122 censue-

698 1147 808 1189 runt,
841 1137 892 1180 de
922 1137 1083 1195 origine
1117 1147 1274 1181 tantum
1310 1138 1398 1196 ejus
1430 1136 1596 1181 fabulae
1617 1137 1753 1181 minus
1775 1148 2086 1182 consenserunt.
2150 1138 2444 1185 Dahlmannus

697 1200 806 1242 enim
838 1202 885 1242 V.
914 1198 972 1243 Cl.
1000 1199 1190 1241 consulto
1224 1216 1312 1242 eam
1355 1199 1491 1243 fictam
1535 1215 1622 1242 esse
1655 1200 1820 1252 statuit,
1862 1210 1907 1243 ut
1954 1217 2046 1244 cun]
2080 1201 2294 1246 Herodoto
2327 1203 2444 1247 Thu-

695 1260 868 1322 cydides
908 1271 1230 1320 componeretur
1266 1264 1510 1316 (Heroclot.
1542 1263 1741 1320 p.215.):
1785 1273 1927 1305 contra
1958 1280 2043 1305 non
2072 1263 2233 1316 fraudi,
2273 1265 2346 1309 sed
2380 1282 2445 1309 er-

692 1322 779 1366 rori
807 1322 924 1367 scioli
958 1323 1178 1381 cujusdam
1208 1322 1502 1382 Thucydidem
1532 1341 1623 1366 cum
1649 1324 1861 1367 Herodoto
1895 1324 2190 1369 confundentis
2226 1325 2337 1370 illam
2372 1328 2446 1371 tri-

692 1384 824 1428 buere
858 1383 1003 1427 maluit
1036 1385 1185 1443 Poppo
1218 1384 1258 1426 in
1288 1383 1476 1440 Prolegg.
1512 1383 1565 1424 ad
1598 1383 1790 1443 Thucyd.
1826 1384 1913 1426 Vol.
1926 1388 1958 1434 Ι,
1992 1401 2031 1442 p.
2052 1388 2127 1435 27,
2161 1387 2227 1428 cui
2257 1389 2445 1447 adstipu-

695 1446 805 1490 latur
838 1447 1018 1508 Heysius
1044 1463 1085 1506 p.
1107 1448 1179 1492 69.
1241 1448 1396 1488 Verum
1429 1444 1758 1487 testimoniorum
1792 1443 1957 1487 illorum
1991 1445 2270 1503 patrocinium
2304 1466 2445 1494 susce-

694 1509 755 1568 pit
789 1509 831 1550 C.
862 1510 944 1551 W.
978 1510 1219 1565 Kruegerus
1262 1508 1303 1549 in
1347 1507 1428 1549 vita
1474 1506 1737 1568 Thucydidis
1781 1523 1818 1565 p.
1842 1509 2017 1550 50-52.
2097 1507 2184 1550 Sed
2227 1511 2444 1556 rectiorem

693 1570 836 1629 utique
868 1570 976 1612 viam
1010 1569 1173 1612 videtur
1202 1569 1424 1626 indagasse
1446 1568 1523 1611 Th.
1544 1569 1712 1626 Bergkii
1744 1569 1973 1626 ingenium,
2001 1567 2071 1628 qui
2099 1568 2142 1611 in
2167 1583 2442 1617 commentatt.

693 1632 745 1675 de
778 1631 965 1692 reliquiis
999 1631 1186 1675 comoed.
1216 1641 1284 1674 att.
1318 1630 1461 1683 docet,
1500 1647 1606 1689 quae
1639 1631 1683 1673 in
1716 1630 1797 1674 vita
1823 1629 2086 1692 Thucydidis
2121 1630 2172 1675 de
2206 1649 2330 1677 causa
2362 1635 2446 1697 Py-

692 1694 860 1754 rilampi
895 1711 917 1737 a
949 1693 1204 1751 Thucydide
1233 1702 1446 1752 suscepta,
1492 1692 1543 1734 de
1587 1691 1685 1735 odio
1726 1692 1768 1735 in
1798 1692 1969 1736 Periclis
2002 1693 2222 1753 imperium
2256 1695 2446 1751 militare,

696 1757 849 1801 deiude
883 1756 935 1799 de
962 1756 1193 1799 secessione
1222 1755 1264 1797 in
1299 1772 1447 1797 novam
1482 1754 1686 1797 coloniam
1716 1766 1950 1806 narrentur,
1982 1772 2066 1798 non
2094 1755 2148 1798 ad
2175 1756 2443 1803 historiarum

695 1819 954 1879 scriptorem,
983 1818 1056 1861 sed
1090 1817 1143 1860 ad
1164 1815 1454 1878 Thucydidem
1479 1814 1673 1860 Melesiae
1698 1815 1828 1861 filium
1852 1816 2070 1861 referenda
2095 1833 2198 1866 esse,
2262 1819 2443 1878 Bergkio

694 1882 823 1937 igitur
846 1881 1062 1937 judicante
1090 1878 1271 1922 Pericles
1298 1878 1355 1920 ita
1382 1877 1582 1929 instituit,
1626 1889 1672 1919 ut
1715 1895 1808 1920 cum
1852 1880 2035 1936 primum
2063 1879 2227 1921 colonia
2258 1881 2442 1926 Thurios

693 1942 941 1986 deducenda
975 1952 1094 1993 esset,
1119 1938 1393 2002 Thucydides
1422 1955 1587 1998 quoque
1612 1939 1837 1983 acerrimus
1871 1938 2129 1998 optimatium
2154 1954 2444 2000 propugnator

694 2021 738 2047 se
767 2005 803 2046 ei
839 2004 1103 2054 adscisceret,
1136 2002 1310 2044 sortasse
1343 2001 1385 2043 in
1415 2001 1568 2043 ducum
1596 2017 1783 2043 numero.
1844 2000 1912 2043 Ad
1947 2001 2055 2044 hanc
2084 2000 2346 2064 Thucydidis
2376 2022 2441 2049 se-

696 2065 923 2110 cessionem
963 2064 1167 2122 Bergkius
1207 2062 1420 2107 Plutarchi
1459 2079 1600 2107 vocem
1642 2060 1914 2111 κατάλυσιν
1955 2063 2102 2116 refert,
2140 2063 2206 2107 vit.
2248 2065 2342 2111 Per.
2370 2069 2440 2115 16.

694 2129 901 2172 Reversus
933 2126 1104 2170 Thuriis
1135 2142 1157 2169 a
1186 2125 1435 2178 Xenocrito,
1482 2125 1553 2185 qui
1588 2134 1625 2168 et
1653 2124 1742 2185 ipse
1775 2123 1961 2168 coloniae
1994 2125 2078 2169 dux
2109 2124 2265 2181 fuerat,
2297 2127 2339 2171 in
2373 2129 2439 2189 jus

693 2201 862 2234 vocatus
896 2189 1039 2232 decem
1069 2205 1273 2232 annorum
1306 2187 1399 2230 tulit
1430 2188 1594 2230 exilium
1615 2187 1662 2244 5).
1729 2186 1915 2229 Omnino
1956 2186 2127 2231 Thuriis
2167 2199 2252 2232 tum
2296 2192 2440 2250 perfu-

694 2253 809 2312 gium
838 2252 1045 2305 invenere,
1078 2266 1369 2312 quemcunque
1397 2259 1466 2293 aut
1487 2247 1806 2293 domesticarum
1827 2265 1964 2293 rerum
1987 2248 2141 2311 inopia,
2167 2261 2237 2295 aut
2269 2253 2439 2312 publica

695 2315 905 2359 calamitas
949 2324 1019 2357 aut
1050 2314 1231 2373 denique
1275 2329 1371 2372 spes
1413 2310 1597 2355 melioris
1639 2311 1889 2355 conditionis
1925 2312 2060 2372 patria
2096 2329 2172 2356 sua
2204 2315 2358 2374 expulit
2374 2317 2437 2372 6):

801 2458 844 2510 5)
875 2461 918 2497 In
937 2459 1036 2498 idem
1054 2458 1185 2497 incidit
1203 2458 1242 2497 S.
1253 2458 1323 2496 W.
1334 2458 1493 2506 Tromp.
1506 2454 1603 2505 disp.
1618 2455 1664 2494 de
1680 2455 1839 2494 Pericle.
1853 2455 1975 2505 Lugd.
1986 2457 2031 2494 B.
2046 2460 2161 2494 1837.
2183 2461 2278 2506 p.27
2295 2467 2331 2497 et
2351 2431 2436 2499 152ss

801 2513 843 2564 6)
868 2515 952 2551 Jam
979 2514 1127 2563 pridem
1155 2515 1288 2551 Italiae
1316 2514 1484 2550 civitates
1511 2511 1678 2549 Graecos
1712 2513 1902 2549 continuis
1930 2513 2009 2549 sere
2047 2513 2206 2549 catervis
2234 2513 2436 2553 affluentes
2496 2522 2506 2528 ‘

693 2567 909 2604 liberaliter
937 2567 1113 2614 excipere
1140 2567 1272 2602 solitae
1300 2571 1427 2601 erant:
1465 2571 1501 2600 et
1527 2571 1622 2612 quot
1660 2576 1795 2599 causae
1822 2565 2023 2600 exstabant
2048 2564 2289 2613 relinquendi
2316 2579 2436 2616 quae-

696 2618 883 2669 rendique
910 2616 1095 2667 patriam!
1122 2618 1252 2655 “Alios
1285 2615 1432 2653 excidia
1459 2615 1611 2651 urbium
1639 2627 1818 2660 suarum,
1844 2614 2044 2652 hostilibus
2070 2616 2183 2653 armis
2212 2618 2373 2666 elapsos,
2393 2619 2434 2655 in

696 2671 831 2717 aliena,
856 2671 1040 2719 spoliatos
1065 2670 1157 2716 suis,
1183 2670 1435 2718 expulerunt:
1464 2667 1557 2704 alios
1578 2665 1783 2704 domestica
1800 2666 1936 2703 seditio
1961 2667 2171 2705 submovit:
2197 2669 2291 2707 alios
2318 2670 2435 2706 nimia

699 2724 964 2771 superfluentis
988 2722 1124 2772 populi
1151 2722 1386 2772 frequentia,
1413 2717 1460 2757 ad
1488 2718 1753 2757 exonerandas
1779 2719 1897 2765 vires,
1924 2720 2062 2757 emisit:
2088 2721 2184 2758 alios
2210 2722 2436 2770 pestilentia,

698 2782 764 2811 aut
794 2776 973 2823 frequens
1000 2783 1188 2812 terrarum
1218 2776 1366 2820 hiatus,
1402 2780 1467 2809 ant
1496 2772 1623 2821 aliqua
1646 2771 1885 2809 intoleranda
1912 2773 2071 2810 infelicis
2098 2773 2170 2810 soli
2196 2774 2286 2811 vitia
2313 2777 2434 2820 ejece-

695 2833 813 2865 runt:
851 2826 1036 2876 quosdam
1064 2827 1199 2864 fertilis
1224 2839 1335 2871 orae,
1369 2831 1406 2860 et
1432 2825 1471 2861 in
1499 2827 1619 2870 majus
1655 2823 1846 2870 laudatae,
1881 2825 1980 2862 fama
2008 2826 2200 2874 corrupit:
2236 2826 2331 2865 alios
2360 2827 2432 2865 alia

699 2891 814 2917 causa
841 2880 983 2918 excivit
1008 2878 1183 2916 domibus
1209 2879 1324 2917 suis.”
1375 2875 1519 2914 Seneca
1545 2877 1689 2914 consol.
1714 2875 1763 2914 ad
1788 2877 1900 2916 Helv.
1920 2881 1957 2924 6,
1987 2880 2046 2915 11.
