2906 3697
1525 364 1588 409 16

684 484 761 527 est,
800 475 913 535 quod
953 475 1083 518 aereis
1126 475 1185 519 uti
1223 474 1364 519 mimis
1406 473 1736 518 Atheniensibus
1783 475 1917 518 suasit
1956 478 2073 533 (Ath.
2093 480 2184 532 XV,
2217 479 2321 532 669,
2352 477 2425 538 d.),

677 537 764 579 sive
794 553 817 578 a
850 535 1000 578 Photio
1043 536 1127 579 sive
1156 554 1178 580 a
1214 535 1388 581 librario
1427 537 1536 581 mira
1572 547 1807 596 temporum
1847 538 2165 596 perturbatione
2190 541 2424 586 -confusum

678 613 785 647 esse,
822 596 923 639 satis
955 597 1151 642 convenit
1182 598 1293 643 inter
1335 599 1445 644 viros
1489 598 1645 643 doctos.
1699 596 1752 641 ef.
1786 597 1853 643 Fr.
1884 596 2045 641 Osann.
2077 601 2301 661 Boitriige
2342 617 2427 647 zur

669 657 841 717 griech.
869 675 910 703 ιι.
942 661 1052 704 rom,
1079 661 1474 722 Literaturgesch.
1519 660 1622 705 fasc.
1649 660 1680 703 l.
1712 663 1753 721 p.
1769 660 1833 704 80
1861 675 1952 721 ⁸qq·
2008 658 2092 701 'nr-
2119 661 2271 718 Bergk.
2291 679 2332 723 p,
2353 667 2425 707 52.

672 723 721 762 In
755 719 973 764 Plutarchi
1007 722 1088 764 vita
1123 724 1268 767 Niciae
1300 741 1336 767 c.
1357 727 1399 776 5,
1431 723 1503 783 qui
1532 723 1648 767 locus
1672 723 2003 766 emendationem
2036 719 2146 766 illam
2175 723 2315 768 reddit
2337 743 2426 769 cer·

670 780 872 826 tissimam
900 781 1072 846 [Ἱέρων
1099 809 1161 820 -
1191 781 1561 848 προςποιούμενος
1590 782 1680 835 υἱός
1709 775 1825 836 εἶναι
1857 783 2093 835 Δωνυσίου
2119 787 2205 833 τοῦ
2229 786 2428 851 χαλκοῦ’

667 845 1146 907 προςαγορευθέντος,
1176 839 1227 895 οὗ
1256 846 1339 895 καὶ
1359 845 1616 904 ποιήματα
1637 844 1859 906 σώζεται,
1890 847 1973 895 καὶ
2003 850 2088 902 τῆς
2116 847 2176 894 εἰς
2206 842 2426 893 Ἰταλίαν

669 902 888 955 ἀποικίας
934 905 1119 965 ἥγεμών
1158 907 1394 966 γενόμενος
1430 909 1589 958 ἔκτισε
1621 906 1851 971 Θουρίους]
1884 907 2074 953 ‘Osanno
2106 905 2328 967 legendnm
2362 905 2425 950 vi-

671 968 794 1012 detur
822 966 907 1016 καῖ
932 965 978 1018 ὃς
1004 973 1089 1022 τῆς
1118 988 1164 1019 κ.
1182 987 1225 1018 τ.
1245 972 1311 1025 λ..,
1343 969 1418 1014 sed
1439 969 1519 1015 hoc
1547 987 1635 1013 non
1662 970 1911 1013 necessario¹
1928 970 2168 1031 requiritur,
2200 986 2248 1014 ac
2280 968 2421 1013 malim

669 1046 764 1074 cum
810 1029 993 1089 Bergkio
1029 1047 1106 1092 per
1149 1030 1493 1091 negligentiorem
1540 1030 1771 1093 quandam«
1803 1031 2006 1079 orationis
2047 1030 2422 1077 conformationem

667 1109 902 1152 pronomen
935 1091 1152 1138 relativum
1177 1094 1378 1139 omissum
1407 1112 1497 1140 esse
1521 1095 1724 1156 judicare.
1786 1093 1902 1139 Idem
1927 1093 2092 1139 videtur
2110 1103 2289 1138 statuere
2311 1093 2422 1138 Rad.

666 1151 930 1198 Rochettius'
956 1154 1052 1199 hist.
1094 1155 1169 1200 des
1198 1156 1276 1201 col.
1306 1174 1369 1216 gr.
1399 1167 1427 1201 t.
1445 1160 1516 1210 lv,
1545 1174 1588 1218 p.
1611 1160 1684 1201 35.
1745 1157 1913 1204 Deinde
1955 1157 2035 1200 sub
2075 1155 2280 1200 vocabulo
2312 1161 2423 1206 Ka-

664 1214 826 1280 θάριοι
856 1233 1010 1259 nomen
1045 1217 1164 1260 ducis
1197 1218 1347 1271 latere,
1390 1219 1434 1262 in
1468 1230 1613 1280 aperto
1647 1229 1721 1263 est.
1781 1219 2034 1264 Adscribam
2065 1218 2328 1279 conjecturas
2359 1216 2424 1262 vi·

667 1295 812 1321 rorum
844 1278 1067 1322 doctorum
1101 1279 1154 1323 de
1188 1279 1270 1324 hoc
1303 1281 1497 1334 nomine,
1528 1279 1733 1340 judicium
1765 1279 1875 1326 ferre
1907 1298 1995 1326 non
2026 1296 2176 1325 ausus:
2207 1279 2421 1324 Albertius

670 1338 727 1384 ad
758 1339 941 1403 Hesych.
968 1357 1001 1384 s.
1034 1357 1070 1384 v.
1098 1339 1450 1406 θουριομοίντεις
1488 1351 1527 1385 et
1564 1342 1798 1387 Lobeckius
1828 1342 1924 1401 Agl.
1946 1346 2002 1396 11,
2035 1344 2128 1387 980
2154 1343 2422 1401 conjecerunt

668 1401 951 1466 Kafla'pvqu,
984 1402 1185 1445 Osannus
1212 1404 1292 1446 hoc
1325 1404 1539 1462 rejiciens,
1584 1403 1741 1463 quippe
1769 1403 1886 1464 quod
1919 1401 2021 1447 alias
2054 1420 2142 1447 non
2170 1403 2420 1458 inveniatur,

666 1463 815 1508 maluit
839 1461 1107 1528 Κανθάρῳ,
1138 1463 1344 1524 Bergkius
1375 1462 1575 1526 proponit
1595 1463 1889 1531 Κανθαρεῖῳ
1919 1463 1983 1507 vel
2012 1463 2270 1527 Καθαρίῳ,
2301 1464 2419 1524 quod

665 1524 811 1586 utique
845 1524 1003 1568 codicis
1035 1526 1207 1583 vestigia
1233 1526 1409 1568 maxime
1435 1542 1624 1585 premere
1650 1526 1826 1572 videtur.
1890 1526 2083 1585 Denique
2104 1541 2207 1568 eum
2238 1542 2421 1585 quoqne,

665 1587 737 1647 qui
771 1586 916 1630 ultimo
946 1585 1039 1631 loco
1060 1584 1224 1645 legitur,
1253 1586 1497 1648 Plesippum
1516 1586 1821 1632 Atheniensem
1840 1586 1958 1631 vario
1986 1586 2113 1631 niodo
2145 1585 2420 1632 restituebant

663 1650 751 1693 VV.
782 1649 878 1693 DD.
919 1648 1218 1705 Τελησῖππω
1263 1648 1395 1693 voluit
1432 1652 1482 1693 V.
1509 1649 1563 1694 D.
1605 1648 1650 1693 in
1691 1652 1831 1695 Clase.
1865 1652 2068 1710 jour-nal
2104 1648 2182 1692 vol.
2209 1650 2416 1703 XXVIII,

696 1745 706 1755 .
727 1710 806 1765 40,
839 1711 988 1755 citatus
1021 1711 1074 1755 ab
1103 1698 1292 1765 Osa’nno‚
1318 1711 1410 1772 ipse
1440 1711 1641 1755 Osannus
1666 1709 1954 1777 Πληξίππῳ,
1983 1710 2254 1775 Τλησίππῳ
2280 1711 2415 1770 Berg-

662 1728 772 1823 εἰπε.
836 1772 1022 1818 Aliunde
1054 1773 1106 1817 de
1137 1774 1227 1818 viro
1254 1791 1341 1818 non
1374 1782 1547 1818 constat.
1611 1772 1801 1818 Ceterum
1821 1771 2027 1832 Bergkius
2045 1772 2296 1833 Dionysium
2324 1789 2414 1817 non

662 1835 796 1897 priori
826 1834 1014 1880 coloniae
1046 1852 1090 1879 se
1119 1836 1366 1890 adscivisse,
1397 1853 1541 1880 verum
1568 1834 1739 1880 alteram
1769 1834 1992 1879 deduxisse
2022 1836 2272 1894 suspicatur,
2296 1834 2414 1895 quod

660 1898 705 1942 in
736 1896 876 1941 medio
909 1897 1211 1958 relinquamus.
1272 1898 1390 1942 Idem
1418 1898 1541 1942 video
1569 1897 1693 1941 statui
1727 1914 1751 1942 a
1782 1895 1891 1940 Clar.
1917 1895 2130 1939 Boeckhio
2161 1896 2206 1939 in
2232 1895 2413 1942 Staatsh.

661 1961 704 2004 d.
735 1959 835 2009 Ath,
864 1961 1131 2019 t.11‚p.136.
1198 1958 1529 2021 Peloponnesios
1553 1958 1626 2003 illo
1659 1958 1854 2004 Cathario
1879 1957 1986 2003 duce
2014 1973 2113 2002 usos
2147 1974 2249 2012 esse,
2279 1959 2412 2018 Berg-

662 2020 723 2065 kii
752 2020 995 2080 conjectura
1025 2030 1086 2064 est
1118 2021 1345 2066 admodum
1375 2020 1625 2066 verisimilis.

804 2082 921 2140 Quot
972 2093 1109 2127 autem
1148 2082 1426 2128 Athenienses
1474 2083 1690 2146 Lampone
1736 2082 1844 2127 duce
1890 2082 2075 2126 Thurios
2129 2081 2412 2141 migraverint,

661 2160 791 2205 quum
824 2143 907 2188 hae
947 2142 1000 2187 de
1040 2160 1087 2187 re
1117 2155 1302 2189 veterum
1330 2146 1577 2189 testimoniis
1609 2144 1735 2189 nimis
1773 2161 1990 2203 egeamus,
2027 2143 2199 2188 omnino
2240 2143 2411 2203 ignora-

660 2222 765 2251 mus.
828 2208 880 2252 In
923 2204 1044 2251 said.
1073 2222 1107 2252 s.
1131 2224 1167 2251 v.
1200 2203 1572 2271 Θουριομάντεις,
1611 2205 1686 2250 ubi
1728 2200 2031 2269 δέκωᾶνδρες
2061 2205 2116 2250 ad
2146 2205 2411 2250 condendam

661 2268 869 2315 coloniam
896 2267 950 2314 ab
982 2267 1313 2314 Atheniensibus
1345 2269 1462 2314 missi
1491 2285 1579 2314 esse
1608 2268 1854 2322 traduntur,
1896 2269 2023 2314 editio
2066 2268 2320 2313 Basileensis
2362 2285 2411 2312 ex

662 2332 903 2392 conjectura
937 2331 1111 2375 dederat
1141 2354 1170 2389 ,ι
1202 2334 1228 2376 i.
1246 2349 1280 2376 e.
1313 2332 1516 2395 μυρίουςε
1552 2332 1627 2376 sed
1653 2332 1918 2377 manifestum
1947 2342 2027 2385 est,
2058 2329 2150 2376 eam
2182 2341 2292 2376 stare
2321 2347 2411 2375 non

660 2411 801 2456 posse,
862 2394 913 2438 In
946 2392 1254 2441 Chersonesum
1285 2393 1398 2440 mille
1440 2393 1611 2441 colonos
1651 2393 1821 2440 miserat
1851 2393 2053 2448 Pericles,
2089 2394 2253 2438 Naxum
2285 2393 2411 2455 quin·

661 2466 832 2518 gentos,
868 2455 1042 2500 Andrus
1071 2457 1295 2501 dimidium
1323 2458 1413 2518 ejus
1441 2458 1605 2502 numeri
1637 2464 1876 2519 acceperat,
1911 2456 2094 2501 Thracia
2121 2456 2272 2500 iterum
2295 2455 2409 2500 mille

658 2519 785 2580 (Plut.
816 2518 884 2562 vit.
904 2518 1000 2564 Per.
1025 2520 1126 2577 11.).
1188 2520 1276 2565 Sed
1304 2538 1353 2564 ex
1383 2519 1449 2564 his
1471 2519 1667 2581 exemplis
1690 2531 1847 2565 certum
1884 2519 2114 2580 quidquam
2138 2517 2191 2563 de
2218 2517 2410 2563 Thurina

662 2580 825 2626 colonia
857 2579 1069 2625 enucleari
1099 2581 1266 2642 nequit,
1301 2582 1544 2643 praesertim
1589 2598 1719 2643 quum
1760 2580 2054 2642 Peloponnesii
2093 2581 2138 2624 in
2169 2581 2407 2625 societatem

662 2643 809 2688 adsciti
843 2654 991 2688 essent.
1055 2644 1247 2705 Lampon
1275 2660 1321 2688 re
1351 2655 1520 2706 peracta
1548 2643 1737 2688 Athenas
1774 2643 1911 2687 rediit.
1954 2643 2093 2687 Thuc.
2115 2645 2166 2695 V,
2201 2644 2270 2687 19.
2302 2642 2377 2687 24.

786 2704 953 2763 “Quam
985 2722 1084 2749 vero
1119 2706 1297 2751 Graecia
1328 2706 1538 2752 coloniam
1570 2705 1684 2751 misit
1711 2705 1757 2750 in
1778 2703 1991 2759 Aeoliam,
2026 2704 2217 2759 Joniam,
2248 2704 2409 2758 Asiam,

659 2764 861 2818 Siciliam,
887 2767 1059 2822 Italiam,
1090 2768 1180 2813 sine
1206 2768 1374 2832 Pythio,
1397 2781 1469 2815 aut
1488 2768 1736 2822 Dodonaeo,
1767 2778 1839 2813 aut
1861 2767 2108 2814 Hammonis
2133 2765 2326 2812 oraculo”
2341 2766 2408 2827 9)?

764 2913 805 2961 9)
845 2912 925 2950 Cic.
952 2910 1000 2949 de
1028 2910 1149 2949 divin.
1174 2912 1204 2958 1,
1236 2916 1268 2957 1,
1298 2916 1332 2949 3.
