3014 3716
1554 352 1618 399 12

712 470 892 514 limacho
924 484 1052 512 novos
1084 465 1255 510 colonos
1297 464 1475 525 accepit,
1518 462 1592 525 qui
1618 462 1831 524 aliquanto
1864 476 1961 526 post
1992 466 2090 513 sede
2122 478 2278 514 mutata
2311 465 2455 512 urbem

711 533 756 577 in
785 530 1068 592 propinquum
1120 526 1260 573 locum
1304 526 1630 581 transtulerunt,
1674 526 1854 571 ducibus
1896 528 2111 587 Lampone
2149 542 2188 574 et
2219 530 2457 574 Xenocrito.

711 596 800 639 Hoc
836 592 909 635 ubi
944 592 1047 634 dixit
1072 591 1275 651 scriptor,
1324 607 1454 651 quum
1494 590 1531 633 ei
1563 590 1607 633 in
1641 590 1779 633 animo
1811 590 1886 642 sit,
1934 589 2107 633 uberius
2148 593 2237 649 ejus
2271 592 2458 638 coloniae

710 654 899 700 conditae
932 653 1151 698 historiam
1183 653 1470 714 perscribere,
1503 652 1652 696 iterum
1686 652 1738 696 ab
1771 651 1891 697 initio
1922 668 2011 696 eam
2044 652 2193 712 repetit
2226 671 2273 699 ac
2303 655 2458 715 legatos

709 736 731 761 a
763 716 971 779 Sybaritis
998 715 1188 760 Athenas
1221 727 1261 761 et
1291 715 1646 760 Lacedaemonem
1677 715 1826 759 missos
1857 726 2033 758 enarrat.
2098 713 2227 772 Quod
2269 718 2458 774 profecto

707 779 867 825 nemini
896 779 976 823 fuit
996 778 1246 833 offensioni,
1277 778 1360 822 nisi
1395 777 1450 829 ei,
1484 777 1556 838 qui
1585 777 1811 838 opinionis,
1843 794 1968 838 quam
2002 776 2273 836 amplectitur,
2303 779 2458 823 confir-

707 842 889 886 mandae
932 842 1072 885 studio
1114 841 1365 898 refragantia
1411 839 1588 883 aliorum
1639 839 1873 884 testimonia
1918 858 2005 885 non
2048 839 2234 894 obstare,
2288 856 2458 902 quoquo

710 904 840 949 modo
882 904 1068 948 evincere
1110 912 1284 947 conatus
1316 911 1386 944 est.
1470 903 1617 961 Itaque
1659 918 1788 962 quum
1826 901 2041 946 Diodorus
2083 903 2127 945 in
2162 902 2304 947 eodem
2337 920 2457 947 versu

710 967 815 1010 duas
839 982 906 1008 res
939 965 1124 1008 diversas
1153 982 1201 1008 ac
1233 980 1407 1024 prorsus
1441 963 1672 1007 contrarias
1703 964 1841 1007 dicere
1876 965 1912 1007 ei
1945 965 2178 1019 videretur,
2216 966 2457 1025 “Sybarim

707 1047 737 1074 α
767 1029 1048 1073 Crotoniates
1081 1029 1277 1070 deletam
1302 1042 1399 1070 esse
1433 1034 1476 1070 et
1509 1026 1803 1082 aedificatam
1836 1026 1894 1069 ab
1918 1027 2275 1070 Atheniensibus
2303 1031 2460 1071 eodem

708 1101 911 1149 tempore
941 1107 998 1134 ac
1021 1093 1242 1149 postero'’
1272 1087 1409 1149 (quod
1442 1105 1466 1131 a
1499 1087 1690 1131 Diodoro
1724 1088 1881 1131 dictum
1915 1104 2005 1131 esse
2033 1088 2126 1147 quis
2158 1099 2219 1132 est
2250 1088 2322 1148 qui
2356 1107 2458 1133 con-

709 1152 896 1208 cedat?),
934 1147 1172 1195 voemelius
1212 1149 1346 1194 deleta
1389 1166 1488 1194 voce
1532 1149 1803 1216 συνῳκίσθη
1846 1149 1995 1194 fortius
2033 1150 2220 1195 distinxit
2261 1161 2357 1211 post
2385 1148 2461 1201 ἐπ’

708 1211 743 1265 ἅ
769 1230 932 1274 χοντος
958 1208 997 1263 δ’
1024 1210 1259 1275 Ἀθήνῃσι
1284 1209 1642 1273 Καλλιμάχου,
1675 1212 1791 1274 quod
1814 1211 1869 1256 ad
1895 1212 2180 1257 antecedentia
2208 1212 2347 1268 refert,
2380 1214 2407 1257 i.
2426 1230 2460 1259 c.

711 1234 766 1320 ad
797 1277 994 1338 Sybarim
1029 1294 1051 1320 a
1087 1275 1340 1330 Crotoniatis
1379 1293 1579 1321 eversam.

836 1338 924 1384 Sed
955 1356 1008 1382 ne
1041 1337 1149 1382 illud
1180 1338 1398 1390 iteremus,
1437 1338 1547 1382 hanc
1589 1339 1945 1393 emendationem,
1987 1341 2072 1384 imo
2117 1341 2455 1401 depravationem

711 1401 885 1445 omnino
915 1418 999 1444 non
1028 1416 1117 1443 esse
1145 1401 1443 1452 necessariam,
1469 1416 1568 1441 neve
1600 1400 1680 1443 hoc
1713 1417 1972 1459 premamus,
2011 1402 2137 1444 verba
2168 1403 2237 1446 illa
2272 1402 2346 1451 ἐπ’
2377 1401 2461 1464 ἅρ-

708 1482 874 1522 χοντος
904 1458 942 1511 δ’
968 1459 1138 1521 Ἀθήν.
1168 1465 1396 1521 Καλλιμ.
1425 1460 1578 1507 mirum
1606 1461 1651 1506 in
1680 1461 1854 1506 modum
1887 1461 2039 1519 frigere
2068 1479 2115 1506 eo
2134 1462 2226 1507 loco
2254 1464 2390 1524 posita
2405 1465 2461 1523 2),

708 1524 834 1586 plane
865 1523 1018 1568 falsum
1052 1533 1134 1577 est,
1168 1523 1284 1585 quod
1309 1523 1409 1567 inde
1443 1522 1632 1567 efficitur.
1695 1525 1802 1567 Nam
1832 1533 1878 1566 ut
1907 1523 2198 1577 admittamus,
2241 1525 2286 1567 in
2323 1525 2461 1568 verbis

707 1587 856 1637 πέντε
888 1588 1040 1637 ἔτεσιν
1068 1583 1256 1649 ὕστερον
1282 1590 1364 1635 τοῦ
1393 1581 1604 1644 δευτέρου
1633 1589 1921 1645 συνοικισμοῦ
1950 1585 2246 1657 corrigendum
2280 1603 2369 1631 esse
2407 1585 2466 1648 ἓξ

709 1666 732 1693 e
763 1648 892 1693 Diod.
907 1651 984 1702 XI,
1010 1651 1084 1693 90.
1116 1649 1205 1706 (hic
1241 1664 1443 1691 numerus
1477 1647 1774 1707 Wesselingio
1812 1664 1980 1708 quoque
2020 1665 2157 1692 venor
2197 1649 2362 1694 videtur
2403 1649 2459 1693 ad

710 1712 838 1755 Diod.
867 1711 892 1754 l.
918 1711 978 1765 l.),
1007 1722 1130 1770 atque
1163 1710 1321 1753 etiamsi
1357 1710 1651 1763 concedamus,
1682 1728 1769 1754 rem
1802 1710 1859 1753 ita
1892 1711 2063 1768 cogitari
2093 1728 2229 1772 posse,
2260 1712 2457 1775 Sybarim

713 1773 794 1818 sub
835 1772 960 1817 finem
1006 1772 1271 1834 Olympiadis
1297 1772 1490 1825 LXXXI,
1523 1771 1566 1816 4.
1598 1771 1624 1816 i.
1657 1788 1689 1815 e.
1718 1789 1755 1817 a.
1790 1771 1886 1816 Chr.
1917 1772 2011 1817 452
2044 1790 2067 1817 a
2109 1774 2310 1818 Thessalo
2352 1791 2459 1835 quo·

713 1836 810 1880 dam
852 1835 1083 1880 restitutam
1125 1851 1214 1878 esse
1258 1844 1298 1877 et
1339 1844 1437 1894 post
1478 1850 1549 1877 sex
1594 1851 1727 1878 annos
1767 1834 1981 1878 Archonte
2027 1835 2282 1880 Callimacho
2318 1836 2458 1880 denuo

711 1915 918 1951 eversam,
949 1897 1177 1958 quomodo,
1210 1913 1390 1956 quaeso,
1430 1895 1511 1939 hoc
1544 1896 1736 1939 convenit
1769 1895 1961 1939 Diodoro
1993 1895 2073 1955 ipsi
2099 1898 2195 1949 XII,
2225 1900 2287 1941 22
2314 1898 2458 1958 (quem

715 1959 853 2005 locum
888 1960 992 2019 quin
1031 1959 1203 2001 afferret
1235 1968 1352 2001 caute
1377 1957 1518 2000 vitavit
1545 1959 1593 2000 V.
1620 1958 1715 2013 D.),
1760 1974 1845 2017 quo
1881 1956 1974 2000 loco
2007 1958 2226 2018 Sybaritae
2254 1959 2458 2004 seditione

714 2022 759 2063 in
792 2037 902 2063 nova
935 2020 1041 2062 urbe
1074 2030 1213 2062 exorta
1232 2019 1445 2062 Archonte
1475 2018 1792 2080 Lysimachide‚
1829 2018 1857 2061 i.
1878 2035 1911 2062 e.
1933 2017 2000 2062 Ol.
2021 2020 2253 2073 LXXXIII,
2274 2021 2317 2066 4.
2343 2021 2459 2081 ejecti

718 2081 945 2126 dicuntur?
984 2091 1030 2126 ut
1062 2080 1268 2126 coloniam
1297 2091 1417 2124 antea
1454 2078 1676 2124 deductam
1707 2079 1838 2123 fuisse
1865 2089 1905 2123 et
1934 2096 1956 2123 a
1990 2080 2181 2124 Diodoro
2215 2082 2269 2125 ad
2302 2100 2459 2127 annum

712 2144 975 2204 superiorem
1005 2143 1190 2195 relatam,
1218 2142 1311 2185 luce
1344 2142 1496 2185 clarius
1525 2143 1590 2186 sit.
1653 2142 1740 2186 Sed
1772 2159 1812 2201 p.
1830 2142 1875 2186 4.
1898 2145 1947 2187 V.
1972 2143 2024 2186 D.
2057 2143 2252 2204 Sybarim
2282 2143 2459 2189 deletam

713 2206 818 2250 adeo
840 2205 1292 2255 a.Chr.451.statuere
1313 2204 1488 2257 videtur,
1508 2203 1609 2248 dicit
1631 2204 1742 2248 enim
1768 2203 1895 2248 haec:
1931 2205 2188 2249 Secundum
2214 2209 2458 2267 Scymnum

717 2271 795 2314 Ch.
816 2287 854 2314 v.
869 2276 975 2320 353.
990 2270 1148 2328 primo
1168 2285 1293 2314 anno
1316 2269 1605 2328 Ob‘mpiadis
1624 2269 1870 2329 Sybaritae
1897 2268 2029 2311 ludos
2050 2270 2310 2328 olympicos
2338 2272 2459 2313 cele-

713 2332 901 2376 brantes
928 2348 957 2374 a
980 2333 1260 2375 Crotoniatis
1283 2333 1492 2389 oppressi
1514 2340 1633 2373 sunt.
1681 2333 1745 2373 Icl
1771 2331 1895 2388 quod
1925 2347 2024 2373 cum
2050 2332 2254 2375 Diodori
2281 2335 2461 2376 ratione

714 2397 782 2436 sic
808 2395 1017 2450 componi
1041 2403 1221 2451 potest:
1258 2393 1452 2452 Sybaris
1485 2394 1634 2438 deleta
1667 2394 1846 2452 Olymp.
1874 2389 2073 2447 LXVIII,
2092 2391 2134 2443 1.
2162 2409 2204 2438 α.
2229 2394 2332 2439 Chr.
2354 2392 2461 2449 508,

716 2456 932 2500 restituta
957 2464 1064 2515 post
1097 2462 1157 2506 58
1190 2471 1337 2500 annos
1370 2457 1537 2515 plenos
1579 2456 1610 2500 i.
1642 2470 1681 2498 e.
1709 2471 1753 2499 α.
1790 2455 1896 2498 Chr.
1925 2462 2035 2511 451,
2066 2471 2160 2498 non
2187 2464 2297 2511 452,
2330 2473 2461 2515 quem

714 2532 954 2561 numerum
980 2520 1229 2575 posuimus.
2068 2543 2072 2547 -

839 2580 898 2624 At
927 2579 997 2624 hic
1028 2597 1196 2641 quoque
1223 2578 1328 2624 falsa
1358 2579 1557 2640 opinione
1590 2590 1757 2641 captum
1787 2580 1837 2624 V0
1858 2579 1911 2624 D.
1944 2578 2306 2641 deprehendimus.
2368 2580 2459 2640 Age

719 2642 953 2689 evolvamus
983 2642 1239 2707 Scymnum,
1271 2641 1375 2705 quid
1407 2642 1538 2688 dicit?

833 2788 876 2840 2)
917 2788 1031 2834 Quod
1060 2804 1107 2827 ne
1135 2791 1260 2839 ipsum
1289 2789 1446 2840 quidem
1471 2789 1596 2828 virum
1627 2786 1780 2827 doctum
1805 2787 1942 2836 latuit,
1978 2796 2216 2840 quapropter
2246 2788 2358 2827 etiam
2396 2783 2459 2827 ἐπ’

714 2840 915 2905 ἄρχοντος
950 2836 1220 2902 δ’]Αθὴινῃσι
1245 2840 1539 2902 Καλλοιχοιάχου,
1571 2854 1650 2891 quo
1677 2843 1762 2892 quis
1791 2839 1894 2882 κατοέ
1916 2838 2015 2887 τούς
2037 2839 2339 2891 ὑποκειμένους
2366 2855 2455 2880 και·-

716 2908 811 2946 ρους
839 2894 1066 2944 explicuisse
1094 2892 1288 2940 videatur,
1324 2893 1550 2940 ejiciendum
1580 2906 1661 2932 esse
1687 2896 1886 2945 proponit.
