2933 3669
1329 283 1402 328 55

494 396 728 460 Gylippum
770 396 1009 450 excitasset,
1050 396 1172 457 cujus
1216 411 1297 455 ope
1338 395 1506 449 alteram
1548 394 1814 454 opprimeret.
1890 394 1978 439 Sed
2020 413 2150 456 quum
2192 413 2239 440 ea

491 458 658 503 occasio
690 459 994 519 praeteriisset,
1033 457 1350 504 Atheniensium
1380 456 1528 509 factio,
1573 474 1679 517 quae
1710 455 1888 501 validior
1919 469 2047 515 esset,
2089 458 2240 506 adver-

489 520 625 564 sarios
658 521 763 564 urbe
798 521 953 582 expulit
985 521 1111 581 paulo
1141 531 1235 565 ante
1268 518 1563 564 Demosthenis
1604 520 1647 562 in
1682 536 1749 562 eas
1782 519 1975 577 regiones
2002 520 2239 565 adventum.

492 584 641 642 Itaque
672 600 800 642 quum
830 583 900 627 hic
933 600 1028 627 cum
1060 582 1372 645 Eurymedonte
1405 581 1578 626 classem
1611 598 1658 624 eo
1692 581 1935 640 appulisset,
1967 582 2088 626 facile
2119 583 2238 626 Thu-

492 643 569 687 riis
612 655 933 704 persuaserunt,
975 656 1022 688 ut
1064 646 1213 689 soedus
1247 660 1343 688 cum
1375 642 1705 687 Atheniensibus
1745 644 2075 702 paciscerentur,
2117 655 2241 704 atque

489 705 657 749 eosdem
703 724 797 751 cum
843 706 924 751 illis
963 707 1158 751 inimicos
1197 706 1435 767 amicosque
1475 705 1690 748 haberent.
1765 705 1928 748 Deinde
1966 707 2038 749 ubi
2079 705 2239 767 aliquot

489 767 578 811 dies
625 770 826 813 exercitus
870 769 1116 813 recensendi
1162 785 1286 812 causa
1320 769 1379 811 ibi
1413 768 1655 811 commorati
1697 777 1816 819 sunt,
1865 767 1944 810 iter
1980 769 2023 809 in
2053 768 2237 811 Siciliam

489 842 785 891 perrexerunt:
817 830 968 874 Thurii
1000 831 1052 875 iis
1083 830 1366 894 septingentos
1397 830 1555 893 pedites
1589 829 1727 890 gravis
1757 840 2004 883 armaturae,
2037 829 2240 890 jaculato-

488 908 555 935 res
588 902 794 937 trecentos
833 894 1109 947 addiderunt;
1153 894 1429 955 jaculatorum
1465 894 1641 937 eundem
1680 910 1900 936 numerum
1942 910 2036 936 cum
2071 893 2239 937 duabus

487 953 666 997 navibus
709 967 955 1015 acceperant
1002 973 1026 1000 a
1064 957 1379 1016 Metapontinis,
1461 958 1605 1016 Usque
1653 955 1707 999 ad
1750 955 2084 999 Crotoniatarum
2131 955 2237 1000 fines

487 1016 710 1059 exercitum
740 1027 848 1060 terra
878 1018 1086 1061 duxerunt
1118 1018 1296 1061 navibus
1334 1029 1498 1078 praeter
1523 1035 1637 1059 oram
1671 1016 1939 1059 vehentibus:
1973 1017 2238 1059 Crotoniatae

486 1088 623 1120 autem
665 1096 795 1137 quum
838 1089 989 1122 terram
1035 1096 1153 1122 suam
1204 1096 1275 1122 eos
1319 1079 1497 1123 transire
1542 1079 1788 1128 vetuissent,
1837 1078 1892 1120 ad
1936 1077 2083 1138 Hyliae
2123 1078 2237 1122 ssuvii

485 1138 638 1183 ostium
670 1156 795 1184 naves
837 1140 1170 1184 conscenderunt
1209 1157 1257 1184 ac
1300 1139 1417 1187 brevi
1460 1139 1607 1183 itinere
1648 1139 1690 1182 in
1724 1138 1907 1183 Siciliam
1945 1149 2236 1200 pervenerunt.

486 1201 625 1247 Thuc.
661 1204 750 1253 Vll,
780 1205 854 1245 33.
888 1206 961 1245 35.
995 1206 1067 1245 57.
1114 1203 1239 1245 Diod.
1272 1203 1389 1253 XIII,
1424 1203 1496 1245 11.

494 1259 496 1261 V
609 1263 703 1306 Jam
741 1279 839 1306 vero
876 1281 962 1306 non
1001 1274 1062 1307 est
1091 1263 1135 1306 in
1169 1263 1308 1306 animo
1348 1264 1572 1306 immensas
1605 1260 1885 1313 calamitates,
1927 1279 2033 1321 quas
2066 1263 2119 1305 ad
2152 1264 2235 1325 Sy-

484 1340 655 1367 racusas
687 1324 837 1367 Thurii
879 1342 971 1367 cum
1010 1324 1339 1368 Atheniensibus
1380 1324 1568 1385 perpessi
1606 1333 1725 1375 sunt,
1760 1341 1807 1367 ex
1841 1323 2099 1386 Thucydide
2127 1326 2236 1380 (Vll,

483 1385 711 1443 42-87.)‚
750 1385 941 1429 Diodoro
975 1387 1111 1443 (xm,
1147 1387 1241 1429 11-
1260 1389 1373 1442 33.)‚
1413 1384 1639 1430 Plutarcho
1669 1385 1754 1444 (vit.
1780 1385 1924 1429 Niciae
1959 1403 1991 1430 c.
2017 1387 2076 1431 21
2104 1416 2123 1422 -
2146 1385 2236 1445 fin.)

487 1447 738 1490 describere.
802 1448 1058 1509 Syracusani
1100 1459 1320 1508 postquam
1367 1448 1564 1508 reliquias
1603 1448 1803 1491 exercitus
1836 1448 2103 1491 Atheniensis
2142 1460 2233 1492 tan-

485 1508 581 1553 dem
620 1509 835 1554 universas
880 1520 1101 1571 ceperunt,
1146 1510 1272 1555 duces
1314 1510 1482 1572 quidem
1523 1509 1730 1571 supplicio
1764 1509 1964 1564 affecere,
2007 1527 2054 1555 ex
2088 1511 2234 1556 ceteris

485 1572 784 1625 Athenienses,
826 1573 1036 1626 Italiotae,
1082 1573 1291 1617 Siciliotae
1333 1575 1377 1616 in
1424 1573 1603 1616 latomiis
1647 1573 1769 1615 vitam
1817 1571 2035 1627 finierunt,
2082 1573 2232 1634 reliqui

486 1635 748 1693 septuaginta
780 1635 866 1678 fere
897 1635 985 1679 dies
1016 1635 1075 1679 ibi
1105 1634 1259 1679 occlusi
1293 1635 1563 1687 tenebantur,
1607 1634 1758 1677 deinde
1790 1635 1833 1678 in
1866 1636 2101 1679 servitutem
2134 1653 2235 1679 ven-

486 1696 562 1739 diti
584 1708 694 1740 sunt.
744 1697 999 1741 Thuriorum
1030 1716 1123 1741 cum
1144 1698 1471 1741 Atheniensibus
1504 1698 1789 1741 necessitatem
1821 1713 1867 1740 ea
1899 1697 2038 1741 clades
2068 1715 2232 1742 omnem

484 1758 652 1817 penitus
685 1758 884 1803 dissolvit.
958 1760 1156 1803 Factione
1188 1759 1515 1803 Atheniensibus
1549 1759 1784 1802 adversaria
1827 1771 1923 1817 post
1955 1760 2107 1804 fractas
2141 1760 2233 1804 illo-

484 1836 578 1863 rum
612 1820 657 1864 in
690 1819 832 1864 Sicilia
866 1821 1057 1865 fortunas
1098 1838 1236 1865 rerum
1277 1822 1408 1881 potita
1450 1821 1620 1866 trecenti
1652 1818 1968 1880 οἱττικίζοντες
1998 1821 2102 1865 urbe
2134 1833 2234 1866 sunt

485 1881 659 1942 expulsi,
691 1882 799 1925 inter
830 1900 936 1943 quos
963 1883 1109 1946 Lysias
1135 1894 1287 1927 orator.
1339 1885 1510 1928 Factum
1536 1884 1616 1927 hoc
1646 1894 1705 1927 est
1732 1883 1943 1935 OLXCu,
1970 1885 2007 1927 1.
2032 1882 2231 1929 archonte

488 1944 644 1997 Callia,
678 1944 756 1987 sub
788 1943 912 1987 finem
947 1945 1072 2004 hujus
1106 1945 1218 1997 anni,
1249 1963 1348 2003 ergo
1383 1962 1417 1988 a.
1441 1946 1536 1989 Chr.
1554 1946 1682 1998 411.,
1713 1961 1809 1988 nam
1839 1945 1987 2007 Lysias
2012 1946 2086 1988 ubi
2105 1946 2233 1990 Athe-

483 2023 567 2049 nas
599 2006 722 2056 venit,
754 2022 882 2063 penes
912 2007 1240 2064 quadringentos
1273 2008 1333 2049 ibi
1366 2008 1586 2066 imperium
1619 2007 1708 2049 suit.
1761 2007 1937 2067 Dionys.
1955 2008 2005 2048 H.
2020 2008 2119 2050 Jud.
2138 2009 2234 2069 Lys.

486 2066 561 2111 vol.
580 2069 630 2120 V,
662 2083 701 2127 p.
716 2066 822 2111 453.
844 2067 981 2113 Reisk.
1023 2067 1131 2114 Plut.
1158 2067 1223 2111 vit.
1248 2068 1345 2131 Lys.
1367 2068 1443 2112 vol.
1462 2071 1532 2121 Vl,
1563 2086 1604 2129 p.
1625 2068 1728 2113 111.
1793 2067 2023 2112 Hoelscher
2051 2069 2116 2113 vit.
2137 2070 2231 2131 Lys.

483 2146 524 2189 Ρ.
544 2130 617 2172 21.
681 2128 953 2174 Plutarchum
998 2141 1037 2173 et
1072 2130 1289 2182 Photium,
1339 2131 1411 2191 qui
1455 2131 1625 2194 Lysiam
1659 2127 1761 2190 μετ’
1793 2127 1969 2178 ἄλλων
2006 2129 2065 2177 Γ’
2098 2131 2230 2187 (sacili

485 2208 625 2235 errore
653 2209 732 2251 pro
759 2189 833 2246 T')
869 2193 1043 2252 ejectum
1075 2210 1163 2237 esse
1191 2192 1476 2247 tradiderunt,
1508 2194 1592 2253 jam
1618 2192 1824 2255 Taylorus
1855 2191 2097 2235 emendavit.
2148 2193 2231 2236 Ex-

484 2253 628 2315 pulsos
668 2253 887 2314 probabile
922 2266 982 2299 est
1013 2256 1234 2300 maximam
1277 2267 1436 2316 partem
1467 2256 1653 2300 Athenas
1691 2272 1734 2299 se
1766 2252 2010 2298 contulisse:
2053 2255 2096 2298 in
2130 2255 2232 2300 Vol-

486 2318 664 2360 centium
700 2333 801 2374 agro
835 2333 904 2360 eos
939 2319 1177 2362 consedisse
1210 2329 1333 2378 atque
1369 2336 1465 2363 vasa
1499 2318 1718 2362 recentiori
1757 2328 1942 2377 tempore
1975 2317 2035 2360 ihi
2068 2329 2233 2378 reperta

486 2378 537 2421 iis
581 2378 725 2422 deberi
768 2379 1000 2439 suspicatus
1038 2391 1123 2425 erat
1161 2381 1345 2423 Hirtius:
1391 2400 1425 2424 v.
1458 2380 1509 2424 de
1543 2381 1620 2424 hac
1654 2397 1698 2423 re
1733 2379 1783 2423 Ο.
1807 2378 1996 2423 Mueller.
2028 2380 2072 2422 in
2114 2384 2234 2426 Go‘tt.

481 2442 568 2498 gel.
590 2443 707 2484 Anz.
744 2442 876 2485 1835.
907 2460 969 2489 nr.
993 2444 1091 2487 116.
1146 2444 1335 2486 Handb.
1356 2446 1399 2487 d.
1420 2446 1565 2488 Arclz.
1597 2445 1659 2500 ἓξ.
1687 2444 1758 2488 99.
1782 2445 1886 2485 257.
1949 2442 2011 2485 Ne
2041 2442 2231 2485 Herodo-

484 2511 571 2544 tum
608 2501 775 2561 quidem
815 2504 991 2549 Thuriis
1031 2515 1130 2548 tunc
1173 2503 1443 2559 remansisse,
1489 2504 1710 2548 verisimile
1745 2514 1805 2548 est
1838 2504 1882 2550 C.
1913 2503 1960 2548 F.
1988 2504 2229 2548 Hermanno

486 2581 551 2623 ap.
580 2563 731 2606 Baehr.
764 2564 919 2609 Herod.
948 2579 975 2614 t.
996 2570 1049 2619 II,
1076 2585 1120 2627 p.
1141 2568 1244 2612 661.

620 2625 718 2682 Quo
760 2636 945 2686 tempore
986 2630 1136 2673 Thurii
1172 2627 1597 2672 Lacedaemoniorum
1642 2628 1875 2672 societatem
1920 2625 2097 2685 amplexi
2134 2627 2231 2681 sint,

483 2703 571 2731 non
606 2687 703 2731 satis
738 2699 910 2735 constat.
972 2691 1098 2736 Initio
1143 2691 1239 2734 anni
1283 2707 1317 2737 a.
1344 2690 1440 2734 Chr.
1461 2690 1577 2742 411,
1624 2690 1685 2734 vel
1720 2690 1798 2734 sub
1831 2688 1956 2732 finem
1992 2688 2092 2732 anni
2124 2689 2230 2743 412,

483 2749 613 2807 igitur
657 2750 722 2793 Ol.
752 2751 881 2804 XCII,
918 2752 954 2794 1.
986 2753 1181 2797 videntur
1229 2753 1432 2797 Doricum
1478 2753 1691 2796 Rhodium
1739 2770 1833 2796 cum
1874 2750 2015 2794 decem
2054 2753 2227 2795 navibus

483 2811 657 2856 misisse.
722 2813 903 2858 Doricus
937 2815 1043 2858 enim
1078 2816 1292 2867 Rhodius,
1323 2816 1533 2873 Diagorae
1561 2815 1692 2868 filius,
1730 2832 1824 2858 cum
1858 2813 2044 2874 ejusdem
2078 2824 2227 2873 nepote

1658 2892 1685 2931 5
