2933 3735
1090 581 1263 625 LIBER
1315 580 1505 622 PRIOR.

857 685 1214 743 HISTORIA
1269 654 1734 741 THURJORUM.

1118 903 1360 944 Csrur
1413 903 1448 942 Ι.

420 990 495 1032 DE
528 986 823 1040 TEMPORE,
862 985 1018 1038 QUOD
1053 985 1362 1027 INTERFUIT
1391 985 1567 1027 INTER
1601 983 1855 1027 SYBARJM
1892 979 2168 1024 DELETAM

945 1054 1021 1096 ET
1059 1054 1313 1096 THURIOS
1352 1053 1650 1095 CONDITOS.

508 1159 825 1257 Sybaritarum
858 1194 1011 1239 civitati
1041 1193 1168 1239 finem
1196 1194 1337 1239 intulit
1369 1193 1508 1239 clades
1535 1193 1825 1238 cruentissima
1858 1209 1881 1236 a
1916 1189 2169 1235 crotoniatis

420 1257 579 1301 Milone
597 1257 718 1300 *duce
750 1257 801 1299 iis
828 1256 997 1300 inflicta.
1061 1256 1338 1301 contulerunt
1376 1257 1498 1314 signa
1530 1256 1585 1299 ad
1617 1256 1841 1298 Traentem
1873 1253 2070 1305 fluvium,
2108 1251 2168 1296 al-

420 1318 498 1363 teri
523 1318 697 1379 hospitii
729 1327 886 1362 tutores
915 1327 1038 1378 atque
1072 1318 1305 1362 communis
1338 1317 1524 1377 gentium
1557 1316 1663 1376 juris
1695 1315 1904 1369 vindices,
1937 1313 2171 1376 Sybaritae,

419 1382 585 1424 interno
619 1379 874 1438 reipublicae
906 1390 1016 1422 statu
1058 1396 1233 1439 prorsus
1279 1379 1508 1432 dissoluto,
1548 1378 1747 1439 superbia
1787 1377 1896 1421 ultra
1936 1376 2169 1419 humanum

418 1441 592 1486 modum
632 1440 811 1484 adaucta
848 1439 1001 1483 tumidi
1045 1451 1085 1483 et
1117 1441 1237 1501 quasi
1263 1441 1471 1494 furentes,
1518 1451 1565 1484 ut
1595 1441 1797 1493 Martem,
1837 1456 1960 1500 quem
1992 1437 2076 1497 ipsi
2107 1439 2173 1482 in-

419 1504 526 1564 juste
558 1501 848 1555 excitaverant,
880 1500 1194 1546 acerbissimum
1228 1504 1525 1565 experirentur.
1574 1503 1824 1561 Ingentibus
1857 1502 2067 1560 utrimque
2101 1517 2173 1545 co-

418 1566 502 1626 piis
535 1564 749 1623 congressi
778 1574 918 1607 erant:
948 1564 1120 1609 victoria
1147 1565 1316 1610 tandem
1339 1566 1449 1610 stetit
1472 1564 1587 1624 apud
1608 1565 1883 1617 Crotoniatas,
1914 1564 1987 1624 qui
2017 1582 2114 1608 mox
2134 1565 2171 1621 l)

424 1627 619 1691 Sybarim
649 1635 928 1688 expugnatam
957 1636 995 1670 et
1022 1625 1227 1688 direptam
1254 1627 1343 1672 solo
1379 1636 1632 1686 aequarunt,
1657 1626 1792 1671 ruinis
1821 1637 1957 1670 autem
1984 1626 2171 1674 Crathim

421 1690 685 1733 immiserunt
729 1689 953 1747 aggeribus
1002 1689 1275 1733 interscissis:
1330 1690 1402 1750 qui
1452 1687 1772 1731 florentissimae
1827 1689 1945 1732 urbis
2001 1689 2173 1746 vestigia

425 1752 478 1796 ad
517 1769 650 1794 unum
693 1751 834 1794 omnia
882 1750 1073 1795 funditus
1120 1751 1281 1797 delevit.
1366 1750 1522 1795 Incidit
1559 1750 1736 1812 Sybaris
1776 1751 1982 1796 excidium
2023 1752 2068 1796 in
2108 1748 2174 1795 Ol.

423 1814 602 1865 LXVII,
635 1814 677 1856 3.
708 1810 855 1868 (Diod.
877 1812 960 1864 XI,
994 1813 1068 1866 90,
1099 1813 1196 1866 XII,
1219 1812 1329 1870 10.)‚
1371 1821 1594 1871 postquam
1628 1813 1714 1854 fere
1749 1814 1857 1856 CCX
1892 1831 2025 1858 annos
2057 1815 2175 1857 inco-

424 1875 547 1918 lumis
587 1873 824 1933 perstiterat
854 1872 1040 1930 (auctore
1074 1874 1257 1935 Scymno
1292 1873 1397 1917 Chio
1429 1890 1468 1919 v.
1490 1875 1581 1917 356
1605 1875 1737 1934 sqq.):
1785 1875 1899 1918 unde
1931 1876 2051 1919 initia
2083 1875 2172 1933 ejus

426 1938 535 1981 circa
571 1934 638 1979 Ol.
657 1936 738 1978 XV
766 1933 975 1994 ponimus.

563 1996 861 2042 Restituendae
901 1996 1019 2040 urbis
1063 2006 1160 2057 post
1210 1995 1567 2056 duodesexaginta
1606 1995 1774 2039 demum
1825 2013 1957 2041 annos
2003 2007 2174 2042 conatus

427 2061 560 2104 factus
594 2069 675 2111 est,
722 2068 822 2101 teste
859 2058 1050 2101 Diodoro
1083 2058 1124 2101 ll.
1154 2058 1194 2101 ll.
1260 2059 1407 2116 Quid?
1446 2074 1587 2101 nonne
1625 2059 1738 2101 idem
1782 2059 2022 2122 Polyzelum
2066 2061 2175 2103 circa

426 2123 550 2165 finem
586 2121 753 2182 Olymp.
770 2122 925 2164 LXXV
958 2120 1165 2183 Sybaritis
1199 2120 1535 2165 Crotoniensium
1570 2119 1791 2165 obsidione
1833 2123 1989 2182 pressis
2023 2121 2175 2167 auxilio

428 2184 600 2228 missum
633 2183 833 2227 tradidit?
863 2184 937 2236 XI,
970 2183 1044 2228 48.
1106 2184 1296 2244 Namque
1329 2183 1457 2227 Hiero
1490 2183 1683 2237 fratrem,
1726 2200 1849 2244 quem
1894 2185 2025 2244 gratia
2060 2184 2175 2245 apud

429 2245 591 2291 Siculos
655 2244 781 2288 ollere
808 2246 989 2299 sentiret,
1018 2246 1226 2299 exercitui,
1258 2246 1330 2307 qui
1359 2245 1440 2289 illis
1474 2262 1595 2306 opem
1626 2246 1784 2290 laturus
1817 2258 1934 2299 esset,
1962 2246 2176 2307 praefecit,

431 2325 477 2353 ea
508 2325 581 2368 spe
608 2261 780 2359 (fumus,
818 2307 931 2363 fore,
973 2318 1020 2351 ut
1046 2326 1263 2369 nunquam
1293 2308 1430 2353 salvus
1463 2308 1563 2351 inde
1595 2308 1770 2352 rediret:
1812 2308 1863 2351 de
1897 2327 1977 2369 qua
2004 2309 2175 2369 expedi-

431 2371 542 2414 tione
573 2368 736 2412 diversa
769 2385 869 2412 sane
911 2386 958 2413 ac
1000 2369 1124 2430 plane
1168 2371 1375 2415 contraria
1416 2370 1538 2414 nobis
1581 2380 1741 2415 servata
1782 2381 1880 2414 sunt
1919 2371 2177 2423 testimonia;

431 2450 525 2476 nam
560 2431 595 2475 si
628 2430 864 2475 Diodorum
904 2432 1139 2492 sequimur,
1180 2431 1399 2494 Polyzelus
1431 2431 1596 2475 insidiis
1628 2432 1825 2476 Hieronis
1858 2433 2087 2494 perspectis
2121 2433 2176 2476 ad

430 2494 665 2539 Theronem
705 2493 916 2553 confugit:
958 2493 1187 2538 secundum
1229 2494 1397 2538 Scholia
1442 2494 1495 2537 ad
1524 2494 1699 2538 Pindari
1732 2494 1903 2558 Olymp.
1925 2500 1967 2549 2,
1994 2498 2067 2539 29.
2101 2497 2175 2553 (ΙΙ,

434 2560 484 2613 1,
515 2574 556 2616 p.
577 2558 647 2600 65>
680 2556 901 2614 Boeckh.),
949 2557 999 2601 cf.
1034 2557 1088 2601 ad
1128 2576 1164 2601 v.
1201 2557 1312 2610 120,
1364 2556 1538 2619 Sybaris
1578 2556 1828 2602 reficiendae
1874 2577 1997 2603 causa
2033 2555 2175 2615 (α’νοι-

432 2617 603 2682 κισμός)
636 2617 681 2662 in
717 2616 809 2662 illas
842 2617 1035 2679 regiones
1067 2619 1219 2665 missus
1252 2629 1334 2674 est,
1376 2635 1510 2681 neque
1553 2619 1706 2665 dicitur
1737 2637 1784 2664 eo
1817 2620 1929 2675 loce,
1960 2619 2174 2682 quomodo

545 2762 587 2816 1)
632 2760 723 2815 Τῆν
760 2760 1037 2816 εὐδαιμονίαν
1078 2760 1346 2818 ἇφηρέθτσαν
1384 2785 1435 2793 -
1476 2766 1521 2804 ἐν
1559 2759 1732 2815 ἡμέραις
1769 2760 2059 2816 ἑβδομήκοντα
2100 2763 2174 2816 (Ο)

435 2815 574 2856 Strabo
601 2818 668 2862 IV,
696 2818 786 2854 404.
838 2818 1078 2868 Epitomator
1108 2831 1244 2857 novem
1278 2818 1356 2856 dies
1388 2814 1462 2867 (Θ)
1491 2817 1658 2855 exhibet.
1686 2816 1839 2867 Scymn.
1868 2818 1985 2855 Chius
2013 2832 2048 2856 v.
2073 2823 2171 2856 353:

437 2871 479 2907 ἐν
509 2871 656 2922 βραχεῖ
680 2865 822 2921 χρόνῳ.
