3014 3734
1614 351 1683 397 26

758 467 865 515 locis
908 467 1109 528 oppidum
1153 465 1206 509 ab
1249 464 1299 508 iis
1342 462 1558 508 conditum
1597 480 1708 515 esse,
1757 463 1824 507 cui
1866 483 2020 511 nomen
2063 469 2239 530 Sybaris
2275 467 2516 521 indiderint,

761 544 883 593 atque
915 531 956 572 in
979 527 1189 572 Strabone
1218 526 1244 570 I.
1263 529 1336 578 VI,
1358 526 1454 569 404
1492 525 1714 584 legendum
1749 541 1838 568 esse
1872 526 1959 580 τήν
1990 531 2070 576 ἐπὶ
2091 530 2321 593 Τροίεντος
2348 529 2515 587 225ssoe-

759 613 847 657 ριν,
881 591 1122 649 conjectura
1157 600 1218 633 est
1248 589 1487 638 Niebuhrit
1508 591 1611 632 Hist.
1641 590 1759 631 Rom.
1787 590 1818 638 Ι,
1847 604 1889 647 p.
1907 590 1966 631 99
1985 605 2075 648 sqq.
2142 593 2211 634 Ad
2245 594 2371 654 hujus
2400 593 2515 636 urbis

759 653 1015 698 eversionem
1049 652 1161 697 idem
1195 651 1314 713 jubet
1347 650 1517 705 referri,
1550 650 1666 712 quod
1699 651 1740 694 in
1776 650 1947 695 oraculo
1971 668 2040 711 ap.
2065 649 2173 695 Plut.
2205 653 2256 696 de
2285 673 2376 701 sera
2405 673 2516 701 num.

757 717 870 760 vind.
894 719 963 760 12.
990 716 1138 777 triplex
1170 715 1342 759 exitium
1370 715 1472 758 deus
1498 715 1683 757 minatur
1706 714 1924 777 Sybaritis.
1977 716 2026 757 In
2061 712 2152 757 loco
2176 713 2397 761 Strabonis
2423 716 2518 763 libri

758 779 915 823 habent
951 779 1037 836 τήν
1070 777 1148 826 ἐπὶ
1181 777 1489 839 Τεύθραντος
1522 776 1762 840 Σύβαριν,
1795 777 1909 836 quod
1942 777 2041 819 ferri
2072 793 2156 819 non
2191 792 2315 835 posse
2349 779 2519 824 videba-

763 852 845 887 tur.
910 842 1019 886 Nam
1048 841 1100 885 de
1131 839 1256 884 ssuvio
1289 839 1547 884 Teuthranie
1582 858 1603 883 a
1639 839 1858 899 Propertio
1889 842 1922 892 I,
1959 840 2010 884 11
2036 840 2151 897 (12),
2184 840 2255 883 11.
2288 854 2518 887 memorato

764 906 833 947 hic
873 904 1142 961 cogitandum
1185 919 1270 943 non
1314 917 1423 951 esse,
1471 902 1556 959 jam
1602 901 1878 942 Casaubonus
1923 902 2038 943 vidit.
2103 901 2346 964 Xylandro,
2391 918 2518 962 quum

764 965 982 1011 Strabonis
1024 963 1149 1007 verba
1184 962 1286 1007 haec
1319 963 1425 1006 sint:
1471 963 1591 1011 τινὲς
1624 957 1672 1011 δὲ
1711 961 1793 1010 καὶ
1832 958 2016 1012 Ῥοδίων
2057 965 2237 1020 κτίσμα
2279 966 2398 1024 Peto?
2439 964 2522 1012 καὶ

764 1030 965 1091 Σειρΐτιν
1007 1025 1089 1075 καῖ
1130 1024 1218 1083 τήν
1256 1024 1335 1072 ἐπὶ
1367 1021 1672 1090 Τεύθραντος
1710 1023 1949 1087 Σύβαριν,
1995 1024 2203 1068 Teuthras
2236 1024 2299 1068 vir
2327 1025 2520 1071 Rhodius

765 1091 1009 1139 videbatur,
1043 1088 1158 1147 quod
1192 1089 1338 1131 merito
1371 1088 1527 1130 nullius
1560 1088 1742 1130 virorum
1779 1088 1997 1130 doctorum
2031 1105 2246 1130 assensum
2282 1088 2385 1130 tuIit.
2435 1088 2523 1131 Sed

764 1169 817 1197 ne
849 1150 1073 1196 Niebuhrii
1106 1149 1276 1211 quidem
1311 1149 1548 1209 conjectura
1583 1148 1706 1204 nobis
1739 1149 1966 1210 probatur:
2007 1149 2073 1195 cui
2106 1149 2296 1210 quamvis
2336 1150 2380 1194 id
2418 1150 2521 1195 sub-

764 1214 904 1257 venire
946 1213 1159 1264 videatur,
1203 1213 1319 1273 quod
1361 1212 1475 1255 ssuvii
1520 1213 1712 1255 Traentis
1744 1229 1896 1256 nomen
1932 1212 2053 1256 etiam
2089 1213 2204 1274 apud
2236 1212 2524 1258 Jamblichum

763 1279 803 1334 §.
832 1278 938 1320 260.
973 1291 1164 1335 perverse
1197 1275 1398 1335 scriptum
1432 1274 1649 1333 legebatur
1680 1273 2016 1346 (Τεθράεντα,
2051 1276 2167 1335 quod
2199 1293 2248 1319 ex
2274 1276 2400 1321 Diod.
2428 1277 2525 1330 XII,

764 1341 842 1388 22,
875 1338 1057 1383 correxit
1086 1336 1303 1395 Bentlejus
1337 1354 1482 1397 opusc.
1515 1339 1675 1395 p.192.
1704 1337 1767 1379 ed.
1784 1338 1940 1395 Lips.),
1984 1337 2247 1381 vehementer
2278 1350 2417 1383 tamen
2447 1339 2524 1383 ob-

767 1409 870 1453 stat,
911 1399 1027 1461 quod
1066 1398 1175 1442 hanc
1209 1399 1381 1451 urbem,
1427 1413 1533 1458 quae
1570 1413 1593 1440 a
1621 1396 1885 1459 Sybaritanis
1919 1396 1988 1441 Ol.
2014 1397 2248 1451 LXXXIII,
2281 1399 2323 1443 4.
2354 1400 2524 1445 demum

768 1463 940 1505 condita
969 1473 1009 1503 et
1037 1461 1163 1520 paulo
1196 1472 1292 1519 post
1325 1478 1348 1502 a
1373 1460 1549 1502 Bruttiis
1583 1459 1772 1500 funditus
1806 1475 1947 1500 eversa
1982 1470 2067 1511 est,
2099 1475 2223 1502 nemo
2256 1460 2524 1504 sacile'Rho-

768 1523 849 1569 diis
889 1522 1058 1575 tribuit,
1103 1540 1282 1582 quorum
1317 1522 1358 1567 in
1394 1521 1468 1566 has
1498 1532 1628 1565 terras
1660 1520 1947 1579 navigationes
1980 1522 2150 1565 nonnisi
2184 1522 2397 1581 aliquanto
2429 1534 2523 1567 ante

768 1596 944 1629 veterem
979 1584 1174 1645 Sybarim
1211 1594 1508 1627 memorantur.
1571 1586 1718 1643 Itaque
1752 1583 1886 1641 magis
1920 1583 2077 1626 arridet
2109 1583 2344 1628 emendatio
2375 1583 2525 1629 Falco-

768 1647 859 1692 neri
897 1665 938 1708 p.
954 1647 1081 1691 380.:
1127 1645 1215 1703 τήν
1243 1645 1317 1710 ἐφ’
1348 1642 1615 1708 ’Ὑδροῦντος
1647 1643 1889 1707 Σύβαριν,
1928 1645 1955 1688 i.
1987 1663 2021 1689 e.
2050 1645 2245 1709 Sybarim
2280 1647 2526 1701 Pausaniae,

769 1722 900 1772 quam·
924 1727 1053 1769 supra
1082 1726 1123 1769 p.
1145 1710 1187 1752 6.
1215 1707 1654 1760 commemoravimus,
1687 1718 1829 1768 postea
1856 1707 2034 1768 Lupiam
2070 1708 2332 1769 appellatam.
2381 1711 2527 1770 Neque

772 1774 885 1817 enim
926 1772 1093 1816 videtur
1124 1788 1230 1831 opus
1263 1788 1375 1822 esse,
1421 1774 1472 1813 ut
1499 1769 1671 1829 Copiam
1716 1786 1808 1813 cum
1839 1770 1976 1830 Lupia
2007 1788 2030 1814 a
2064 1771 2272 1816 Pausania
2305 1773 2525 1817 contusam

773 1852 864 1880 esse
896 1845 936 1879 et
962 1834 1196 1893 Messapiae
1226 1833 1422 1896 Sybarim
1465 1831 1589 1891 plane
1632 1830 1770 1875 fictam
1814 1842 2044 1877 statuamus
2066 1834 2117 1892 8).
2181 1834 2354 1898 Hydrus
2389 1845 2526 1879 autem

771 1909 918 1959 portus
959 1895 1130 1957 (Scylax
1163 1913 1204 1956 p.
1228 1896 1299 1941 11.
1341 1895 1393 1939 cf.
1430 1895 1639 1938 Mannert.
1666 1896 1740 1947 IX,
1769 1899 1813 1946 2,
1854 1912 1895 1954 p,
1914 1896 2009 1951 41.)
2059 1897 2213 1955 optime
2262 1897 2429 1955 eligitur
2471 1897 2526 1942 ad

772 1958 1094 2018 significandam
1130 1957 1302 2002 alteram
1341 1957 1454 2000 illam
1489 1955 1711 2018 Sybarim:
1756 1956 1931 1999 sortasse
1964 1967 2102 2000 tamen
2140 1957 2245 2000 nihil
2279 1958 2525 2004 mutandum

773 2033 859 2074 est,
905 2031 1029 2080 atque
1062 2019 1278 2064 Teuthras
1318 2017 1551 2063 amniculus
1584 2018 1779 2079 Sybarim
1814 2017 1984 2062 alteram
2019 2019 2324 2079 praeterfluxit,
2358 2020 2527 2066 aliunde

775 2082 901 2127 nobis
925 2099 1010 2124 non
1036 2092 1160 2123 notus
1177 2082 1227 2139 9).
1291 2081 1376 2124 Sed
1410 2080 1630 2122 redeamus
1666 2079 1720 2121 ad
1754 2080 1973 2141 Sybaritas
2008 2081 2174 2139 ejectos,
2207 2083 2279 2141 qui
2307 2094 2529 2143 postquam

775 2144 1037 2205 aliquantum
1068 2144 1267 2202 temporis
1299 2140 1480 2205 (χρόνον
1509 2144 1636 2196 τινα)
1668 2141 1723 2185 ad
1754 2142 1978 2187 Traentem
2011 2142 2266 2196 habitarunt,
2299 2163 2321 2189 a
2354 2145 2530 2189 Bruttiis

775 2206 968 2268 oppressi
1002 2215 1114 2251 sunt.
1164 2204 1290 2249 Diod.
1322 2205 1418 2257 XII,
1448 2207 1522 2247 22.
1583 2204 1772 2248 Bruttios
1803 2204 1937 2257 enim,
1982 2222 2087 2265 quos
2130 2206 2197 2250 Ol.
2223 2207 2327 2253 CVI.
2361 2208 2529 2252 demum

774 2270 820 2314 in
853 2284 981 2313 unam
1016 2277 1182 2325 gentem
1215 2266 1419 2312 coaluisse
1454 2265 1717 2310 tradiderunt
1749 2265 1876 2312 Diod.
1893 2268 2006 2321 XVI,
2026 2270 2066 2313 5.
2098 2278 2136 2312 et
2156 2268 2308 2314 Strabo
2333 2271 2402 2324 VI,
2425 2271 2533 2324 392,

776 2332 851 2375 diu
883 2342 977 2374 ante
1006 2330 1119 2372 illam
1155 2329 1452 2392 Olympiadem
1487 2329 1711 2380 exstitisse,
1752 2339 1838 2371 tum
1872 2331 2081 2392 Βρεττίᾳ
2112 2333 2260 2380 πίσσα
2293 2335 2358 2391 (ex
2392 2349 2532 2375 emen..

779 2393 948 2438 datione
980 2391 1181 2436 Bocharti
1226 2408 1306 2454 pro
1344 2391 1566 2450 γλῶσσα)
1597 2389 1893 2451 Aristophanis
1927 2408 1992 2452 ap.
2020 2391 2163 2453 Steph.
2195 2411 2227 2438 s.
2257 2412 2293 2437 v.
2324 2394 2533 2457 Βρέττος

781 2454 1057 2515 comprobare
1085 2454 1243 2515 possit,
1287 2454 1363 2497 ubi
1397 2463 1571 2514 propter
1601 2452 1695 2497 illos
1727 2453 1907 2497 Diodori
1945 2464 1983 2498 et
2013 2455 2234 2499 Strabonis
2267 2454 2381 2500 locos
2411 2472 2531 2501 eraso

779 2516 1077 2576 Aristophanis
1128 2518 1298 2561 nomine
1348 2515 1694 2574 Aristophontem
1744 2517 2014 2561 substitutum
2061 2534 2150 2561 esse
2196 2535 2218 2561 a
2263 2519 2532 2579 quibusdam,

780 2581 864 2641 jam
892 2576 1216 2638 Wesselingius
1247 2578 1303 2623 ad
1334 2577 1462 2623 Diod.
1484 2578 1586 2633 XII,
1613 2581 1688 2623 22.
1715 2579 1936 2641 reprobat,
1967 2589 2055 2623 tum
2090 2579 2315 2626 certissime
2348 2598 2395 2627 ea
2429 2598 2532 2628 con-

888 2718 932 2773 8)
966 2720 1083 2768 Quod
1110 2730 1237 2759 autem
1260 2721 1306 2759 de
1332 2723 1514 2761 thesauro
1532 2721 1852 2774 Sybaritanorum
1872 2720 2072 2772 Olympiae
2096 2731 2290 2762 exstructo
2317 2722 2406 2761 dicit
2431 2723 2533 2760 Pau-

785 2774 932 2820 sanias,
965 2789 1010 2812 ea
1038 2775 1142 2812 haud
1169 2775 1286 2813 dubie
1313 2789 1515 2825 perperam
1541 2775 1590 2813 ad
1616 2776 1793 2825 Sybarim
1824 2774 1873 2812 ad
1902 2774 2143 2824 Hydruntem
2171 2777 2279 2813 sitam
2307 2775 2450 2813 retulit.

892 2839 933 2892 9)
972 2840 1137 2891 Lupiam
1171 2857 1368 2895 nunqnam
1397 2844 1577 2894 Sybarim
1606 2844 1834 2893 appellatam
1864 2845 1979 2884 fuisse
2011 2844 2208 2884 contendit
2241 2845 2399 2883 Ullrich.
2430 2858 2469 2896 p.
2486 2844 2532 2886 14

785 2906 891 2945 ⁸qq.:
928 2894 1130 2933 Strabonis
1156 2897 1283 2934 locum
1311 2898 1426 2934 habet
1453 2898 1739 2945 interpolatum.
