2960 3689
1314 317 1384 364 45

474 434 539 478 lex
573 430 781 476 sublestae
812 428 909 473 fidei
942 429 985 473 in
1013 431 1228 491 prooemio
1261 431 1509 476 Charondae
1526 448 1591 493 ap.
1611 430 1727 477 Stob.
1752 432 2032 486 serm.XLIV‚
2062 436 2223 494 p.222.

474 493 620 547 Gaisfi,
653 509 735 553 qua
769 492 835 546 iis,
867 493 939 554 qui
957 493 1109 553 templa
1130 504 1170 538 et
1192 493 1363 555 publica
1389 493 1574 538 aedificia
1595 495 1849 555 privatarum
1882 496 2047 539 aedium
2081 506 2224 539 sumtu

472 565 759 617 superassent,
791 572 878 598 non
912 565 1064 598 certam
1098 572 1278 615 poenam
1312 555 1557 607 destinavit,
1587 558 1661 600 sed
1687 567 1846 601 tantum
1879 557 2032 601 malam
2063 557 2222 602 famam

474 619 658 663 minatus
691 628 762 661 est.
825 617 1021 661 Attamen
1050 616 1299 662 Charondae
1339 616 1402 661 lex
1435 616 1487 661 de
1519 616 1683 661 talionis
1718 618 1809 677 jure
1841 629 1881 663 et
1910 618 1991 679 ipsi
2023 620 2222 664 tribuitur

473 681 590 741 apud
621 679 859 724 Diodorum
887 679 1001 734 (XII,
1035 679 1146 736 17.):
1178 679 1224 722 id
1258 680 1373 739 quod
1406 696 1482 739 per
1513 696 1558 722 se
1592 680 1761 739 quidem
1790 696 1867 739 pro
1900 680 2048 724 harum
2080 682 2221 741 legum

471 753 668 788 vetustate
700 758 787 784 non
822 739 985 783 videtur
1007 741 1091 784 veri
1122 740 1323 785 dissimile
1349 758 1451 795 esse,
1482 741 1558 785 sed
1590 741 1872 802 suspicionem
1895 753 2006 786 creat
2034 744 2220 787 narratio

470 823 494 850 a
525 805 717 849 Diodoro
752 802 907 854 addita,
941 802 994 846 ad
1025 820 1149 863 quam
1182 803 1293 848 infra
1318 815 1582 848 revertemur.
1647 806 1695 848 ln
1727 803 1964 847 universum
1999 806 2220 849 maximam

468 868 513 912 in
547 865 796 911 Charondae
826 864 989 925 legibus
1030 865 1329 912 humanitatem
1363 867 1634 928 conspicuam
1673 883 1762 911 esse
1793 866 1887 927 jure
1933 877 2077 911 nostro
2120 884 2222 912 con-

467 928 735 973 tenderimus.

591 991 656 1034 De
705 989 847 1033 litibus
886 989 930 1032 in
973 989 1067 1034 foro
1104 989 1278 1049 agendis
1323 990 1434 1034 idem
1477 989 1748 1043 Charondas,
1790 989 1825 1034 si
1868 988 1973 1034 fides
2021 989 2221 1035 habenda

469 1053 651 1106 auctori,
696 1051 827 1111 legem
861 1050 954 1096 tulit
986 1053 1296 1112 gravissimam:
1341 1052 1503 1113 primus
1548 1052 1657 1096 enim
1708 1052 1923 1097 constituit
1950 1052 2133 1096 actiones
2166 1052 2220 1096 de

464 1115 580 1160 falsis
620 1114 890 1167 testimoniis,
941 1110 1071 1166 δίκας
1112 1120 1206 1165 τῶν
1247 1111 1681 1177 ψευδομαρτυριῶν,
1734 1132 1860 1175 quam
1900 1115 2073 1174 propria
2117 1131 2218 1159 voce

464 1176 727 1235 ἐπίσκηψιν
775 1177 1046 1221 nominarunt
1086 1177 1375 1222 Athenienses.
1428 1178 1687 1235 (Lectionem
1737 1172 2136 1242 ψευδομαρτύρων
2178 1186 2219 1220 et

465 1238 720 1297 ἐπίσκεψιν
764 1238 999 1282 emendavit
1030 1239 1243 1296 Bentlejus
1286 1255 1429 1298 opusc.
1460 1256 1500 1298 p.
1517 1239 1621 1282 358.
1653 1238 1785 1297 Lips.)
1850 1239 2008 1282 Locum
2052 1239 2218 1282 Aristo-

463 1300 577 1352 telis,
618 1316 664 1342 ex
694 1315 778 1358 quo
812 1299 863 1341 de
896 1298 975 1342 hac
1018 1298 1109 1357 lege
1151 1309 1336 1352 constat,
1374 1298 1466 1342 Pol.
1486 1300 1539 1351 ΙΙ,
1573 1301 1615 1341 9.
1646 1300 1783 1354 (10.)‚
1830 1310 2068 1358 suspectum
2111 1300 2217 1343 mihi

461 1361 649 1404 reddidit
690 1359 912 1417 Goettling.
954 1376 995 1419 Ρ.
1013 1361 1139 1405 345.:
1181 1359 1337 1402 nullius
1379 1360 1510 1418 igitur
1556 1359 1755 1403 momenti
1791 1358 1952 1413 habeo,
1988 1360 2104 1420 quod
2137 1361 2217 1406 hoc

461 1422 598 1466 solum
632 1420 880 1464 Charondae
914 1420 1123 1478 peculiare
1154 1421 1282 1464 fuisse
1310 1420 1369 1463 ibi
1408 1421 1579 1466 dicitur:
1622 1420 1755 1480 legem
1788 1422 1953 1480 repetiit
1995 1423 2215 1475 Stobaeus,

461 1484 496 1526 si
530 1483 741 1544 Heynium
774 1481 989 1541 sequimur
1018 1482 1177 1542 Opusc.
1200 1485 1254 1536 ΙΙ,
1290 1483 1391 1527 165.
1455 1482 1633 1527 Minoris
1672 1483 1793 1527 etiam
1838 1481 1936 1526 fidei
1980 1494 2040 1528 est
2083 1483 2146 1528 lex
2189 1501 2214 1528 a

461 1545 648 1589 Stobaeo
681 1544 725 1587 in
758 1543 973 1603 prooemio
1006 1544 1171 1599 tradita,
1202 1554 1249 1588 ut
1275 1544 1311 1588 si
1340 1543 1434 1605 quis
1462 1544 1571 1589 malo
1594 1544 1773 1603 alicujus
1804 1544 1983 1589 facinori
2017 1547 2211 1590 conscius

463 1607 601 1660 suerit,
635 1623 727 1649 eum
762 1606 929 1650 indicet.
1113 1619 1116 1622 ’

588 1668 836 1712 Transimus
878 1667 963 1727 jam
1004 1666 1059 1711 ad
1104 1667 1171 1727 jus
1213 1667 1443 1728 privatum:
1486 1684 1534 1712 ac
1572 1668 1753 1729 primum
1798 1684 2074 1729 personarum
2118 1669 2214 1728 jura

460 1730 578 1790 quod
609 1731 764 1782 attinet,
796 1730 848 1773 de
878 1730 1057 1772 divortio
1091 1731 1318 1789 conjugum
1351 1730 1485 1787 legem
1517 1731 1767 1774 Charondae
1799 1732 1976 1775 servavit
1996 1730 2214 1775 Diodorus

461 1795 556 1845 XII,
584 1793 666 1845 18„
694 1809 799 1851 quae
829 1802 914 1835 tum
949 1791 1098 1834 marito
1126 1801 1213 1834 tum
1246 1791 1366 1834 uxori
1397 1791 1651 1835 matrimonii
1682 1802 1832 1851 sponte
1864 1792 2053 1837 solvendi
2078 1792 2214 1837 facul-

461 1864 584 1897 tatem
615 1853 819 1912 praebuit.
880 1853 966 1895 Lex
998 1852 1152 1895 dicitur
1192 1853 1410 1895 emendata
1452 1869 1541 1896 esse
1573 1853 1653 1897 hoc
1685 1853 1834 1897 modo:
1872 1855 2045 1897 maritus
2079 1865 2211 1897 aetate

461 1914 697 1975 provectior
727 1931 750 1957 a
781 1913 981 1973 conjuge,
1014 1929 1120 1973 quae
1153 1913 1283 1957 multo
1317 1913 1456 1957 minor
1485 1924 1571 1957 erat
1603 1925 1728 1966 natu,
1761 1915 1948 1958 desertus
1982 1926 2064 1958 est:
2092 1914 2210 1975 quod

461 1977 530 2020 ille
567 1989 649 2020 tam
683 1992 804 2033 aegre
848 1974 961 2027 tulit,
1003 1985 1049 2017 ut
1089 1974 1178 2032 ejus
1218 1974 1322 2031 legis
1364 1975 1635 2032 abrogandae
1672 1986 1818 2020 auctor
1853 1975 1969 2020 fieret
1995 1977 2213 2030 Thurinis,

462 2055 549 2082 non
580 2038 669 2081 sine
702 2036 766 2079 sui
800 2035 933 2095 ipsius
967 2034 1114 2095 capitis
1154 2034 1353 2094 periculo.
1416 2037 1525 2079 Nam
1563 2036 1642 2079 hoc
1686 2037 1923 2081 instituerat
1964 2037 2212 2081 Charondas

462 2111 630 2144 auctore
663 2098 868 2151 Diodoro,
900 2107 945 2141 ut
973 2097 1043 2157 qui
1073 2095 1205 2156 legem
1241 2097 1528 2156 abrogandam
1559 2097 1709 2152 ferret,
1739 2098 1891 2143 collum
1923 2098 2071 2160 laqueo
2099 2100 2211 2143 inse-

459 2173 581 2214 reret,
610 2161 710 2204 dum
741 2161 945 2218 suffragia
979 2159 1199 2204 darentur:
1233 2161 1328 2204 etsi
1361 2161 1499 2204 minus
1531 2161 1793 2220 probaretur,
1826 2162 2022 2206 continuo
2054 2161 2210 2206 collum

464 2224 500 2268 ei
533 2224 805 2281 frangeretur.
868 2223 1011 2281 Itaque
1044 2238 1172 2282 quum
1194 2238 1393 2282 prospere
1420 2223 1560 2266 suasio
1581 2224 1728 2266 marito
1758 2223 1816 2265 illi
1844 2223 2046 2278 cessisset,
2072 2222 2208 2281 legem

462 2287 520 2330 ita
551 2285 731 2329 Thurini
761 2284 965 2327 moderati
998 2294 1106 2337 sunt,
1139 2294 1185 2328 ut
1218 2300 1268 2327 ne
1298 2285 1334 2327 ei
1368 2285 1559 2343 conjugi,
1587 2285 1660 2344 qui
1693 2302 1786 2328 cum
1819 2283 1948 2329 altero
1981 2284 2207 2330 divortium

463 2348 639 2399 fecisset,
674 2347 835 2391 deserto
869 2346 1076 2406 juniorem
1111 2346 1154 2389 in
1184 2346 1496 2390 matrimonium
1530 2346 1681 2390 ducere
1708 2346 1859 2390 liceret.

586 2409 729 2453 Altera
766 2408 829 2452 lex
870 2408 950 2451 fuit
989 2409 1041 2451 de
1074 2407 1261 2467 epicleris
1289 2408 1374 2451 sive
1417 2408 1584 2451 filiabus
1623 2408 1861 2451 heredibus.
1923 2408 1986 2450 Ex
2017 2424 2063 2451 ea
2095 2408 2205 2451 filiae

462 2472 507 2515 in
539 2471 666 2515 totius
699 2470 938 2530 patrimonii
975 2469 1279 2514 successionem
1311 2468 1478 2514 relictae
1504 2469 1621 2514 licuit
1663 2468 2071 2529 consanguineorum
2104 2486 2206 2530 pro-

462 2532 561 2576 ximi
594 2533 762 2592 nuptias
799 2541 1005 2592 expetere,
1033 2541 1071 2575 et
1102 2531 1281 2575 vicissim
1313 2532 1504 2591 proximo
1537 2531 1717 2591 puellam
1746 2547 1909 2589 cogere,
1943 2542 1986 2574 ut
2013 2531 2095 2574 sibi
2121 2549 2204 2575 nu-

460 2595 597 2638 beret:
641 2594 706 2637 sin
751 2594 932 2652 puellam
976 2610 1101 2637 censu
1138 2593 1290 2637 minori
1327 2592 1395 2636 ille
1443 2593 1656 2649 rejiceret,
1699 2594 1836 2637 dotem
1878 2593 2203 2651 quingentarum

461 2655 760 2713 drachmarum
786 2653 822 2697 ei
856 2654 1014 2699 donare
1046 2654 1278 2715 jubebatur.
1320 2653 1447 2698 Diod.
1467 2656 1562 2707 XII,
1595 2655 1667 2699 18.
1729 2654 1919 2697 Eandem
1946 2654 2032 2698 fere
2065 2671 2089 2698 a
2121 2655 2203 2699 So-

459 2718 554 2763 lone
584 2717 713 2776 legem
742 2716 864 2759 latam
887 2712 1000 2769 esse,
1031 2728 1117 2760 tum
1151 2734 1198 2761 ex
1227 2717 1320 2777 ipso
1340 2716 1420 2760 hoc
1445 2717 1623 2760 Diodori
1652 2715 1744 2760 loco
1778 2716 2086 2775 cognoscimus,
2113 2728 2200 2761 tum

458 2797 506 2824 ex
546 2779 771 2825 Plutarcho
814 2778 858 2821 in
897 2778 977 2821 vita
1020 2779 1188 2823 Solonis
1230 2781 1358 2824 c.2o.
1400 2778 1452 2822 cf.
1483 2777 1698 2822 Demosth.
1735 2778 1779 2821 in
1813 2779 1988 2823 Macart.
2018 2780 2200 2839 p.1067

457 2858 542 2902 sq.‚
585 2842 658 2886 ubi
692 2840 924 2885 accuratius
952 2840 1002 2883 de
1034 2841 1131 2883 dote
1160 2841 1427 2884 constitutum
1461 2850 1531 2883 est.
1581 2859 1615 2883 v.
1644 2840 1766 2884 etiam
1801 2840 1844 2884 C.
1875 2840 1944 2885 Fr.
1971 2842 2195 2884 Hermann.

1634 2916 1697 2957 G*
