2987 3696
12 981 17 992 ,
11 810 22 966 -η--ῆ-Μ,
17 736 21 775 ..-

15 1400 18 1416 -
14 1363 18 1394 ..-,
12 1211 19 1355 ,ᾼ---“-.

14 1685 16 1688 ,
9 1481 17 1673 ...M—⁴
14 1417 18 1475 -..

1535 341 1605 386 ⁴4

692 467 794 501 antt.
834 472 967 515 graec.
1007 454 1126 514 publ.
1163 454 1326 512 5121.
1369 453 1513 513 ibique
1551 450 1696 496 laudd.
1770 453 1924 511 Legem
1976 459 2210 502 emendavit
2252 458 2447 519 populus,

692 535 819 580 quum
862 515 1001 578 puella
1044 516 1172 570 orba,
1224 515 1292 560 cui
1337 515 1591 576 quingentae
1639 512 1865 559 drachmae
1915 532 2067 577 parum
2111 520 2446 566 sufficerentad

689 589 975 640 paupertatem
1008 595 1128 622 suam
1162 578 1405 632 levandam,
1437 576 1768 621 misericordiam
1794 578 1886 638 ejus
1913 579 2231 639 imploravisset.
2293 585 2355 628 Ac
2388 584 2448 626 vi-

691 642 815 686 detur
843 642 943 686 inde
976 641 1030 685 ab
1062 641 1135 685 illo
1169 651 1356 702 tempore
1389 639 1727 699 consanguinee,
1757 639 1792 683 si
1830 641 1924 701 quis
1956 641 2136 702 puellam
2171 643 2323 689 ducere
2355 645 2447 690 nol-

688 702 766 756 let,
792 703 872 748 hoc
899 721 985 747 non
1022 703 1203 764 amplius
1234 703 1424 755 licuisse,
1462 712 1510 745 ut
1541 702 1638 746 dote
1666 702 1855 762 praebita
1888 704 2197 748 matrimonium
2232 705 2447 764 effugeret.

689 766 960 827 Quamquam
995 783 1044 810 ex
1077 765 1246 810 Solonis
1284 764 1374 824 lege
1406 764 1529 808 etiam
1568 763 1623 817 ii,
1662 764 1735 824 qui
1774 764 2097 825 quingentorum
2137 766 2446 814 medimnorum

689 828 905 871 habebant
938 829 1141 879 reditum,
1173 826 1357 886 puellae,
1393 826 1513 884 cujus
1541 825 1712 884 nuptias
1741 827 2008 885 rejiciebant,
2039 829 2078 871 D
2104 828 2326 872 drachmas
2359 847 2445 873 non

691 889 788 948 plus
822 890 981 932 donare
1013 888 1282 948 jubebantur.
1313 913 1377 921 —
1408 887 1496 929 Has
1530 886 1635 929 duas
1657 886 1906 933 Charondae
1929 890 2054 949 leges,
2082 907 2206 951 quam
2231 902 2444 951 suspectas

691 951 847 995 faciant
875 949 1215 994 narratiunculae
1244 948 1436 1002 additae,
1462 947 1571 992 infra
1602 947 1851 994 videbimus.

815 1011 910 1055 Alia
941 1011 1005 1055 lex
1039 1011 1290 1055 Charondae
1322 1011 1402 1053 suit
1432 1010 1484 1053 de
1518 1010 1653 1069 patria
1684 1010 1729 1052 in
1762 1011 1871 1054 filios
1902 1023 2117 1072 potestate,
2152 1029 2278 1073 quam
2312 1030 2443 1074 aeque

690 1090 738 1118 ac
771 1074 901 1118 Solon
935 1085 974 1118 et
1001 1074 1187 1118 Pittacus
1221 1073 1275 1117 ad
1309 1090 1404 1117 eum
1436 1088 1570 1132 usque
1594 1089 1750 1116 annum
1783 1072 1913 1118 voluit
1944 1074 2101 1128 valere,
2145 1093 2229 1135 quo
2261 1074 2335 1120 filii
2365 1093 2445 1135 pu-

687 1134 808 1180 blicis
841 1136 993 1181 civium
1026 1135 1182 1181 tabulis
1210 1134 1565 1184 adscriberentur.
1613 1134 1790 1199 Dionys.
1816 1135 1908 1180 Hal.
1940 1137 1993 1187 R,
2019 1137 2202 1191 Antt.ll,
2230 1139 2303 1183 26.
2361 1139 2445 1183 Ita-

688 1214 769 1258 que
802 1199 837 1243 si
872 1199 928 1242 ad
947 1198 1118 1243 Solonis
1148 1198 1381 1258 exemplum
1405 1197 1667 1257 respicimus,
1696 1198 1859 1258 expleto
1889 1199 2226 1245 duodevicesimo
2253 1218 2364 1245 anno
2397 1202 2444 1245 in

686 1278 805 1304 suam
823 1260 992 1304 tutelam
1016 1272 1235 1304 venerunt.
1268 1263 1318 1303 V.
1336 1278 1441 1320 quos
1464 1259 1602 1302 citavit
1628 1260 1671 1302 C.
1691 1261 1762 1303 Fr.
1781 1262 2049 1305 Hermannus
2071 1274 2170 1308 antt.
2187 1281 2248 1321 gr.
2278 1265 2444 1320 §.123.

814 1322 980 1381 Quarto
1013 1322 1106 1367 loco
1136 1321 1351 1366 afferenda
1387 1331 1448 1365 est
1478 1320 1542 1364 lex
1568 1320 1817 1365 Charondae
1846 1323 1898 1366 de
1931 1323 2079 1376 tutela,
2112 1341 2237 1383 quam
2271 1336 2315 1369 ut
2351 1325 2445 1369 imi-

689 1384 849 1428 tatione
878 1384 1050 1441 dignam
1092 1382 1348 1443 praedicavit
1388 1381 1606 1424 Diodorus
1638 1382 1732 1432 XII,
1769 1383 1838 1424 15.
1869 1393 1916 1424 ut
1940 1384 2081 1441 agnati
2114 1385 2226 1427 bona
2260 1386 2444 1444 pupillo-

688 1463 783 1489 rum
818 1445 1180 1497 administrarent,
1229 1442 1397 1502 cognati
1433 1442 1550 1502 ipsos
1595 1441 1833 1486 educarent.
1896 1443 2012 1488 ldem
2047 1445 2163 1505 quod
2195 1445 2443 1491 Charondas

688 1506 910 1551 consilium
944 1518 1146 1567 sequutus
1172 1516 1233 1549 est
1262 1504 1417 1558 Solon,
1459 1520 1636 1558 cavens,
1680 1521 1734 1547 ne
1765 1505 1802 1548 is
1835 1503 1952 1549 fieret
1994 1518 2183 1560 curator,
2225 1507 2280 1550 ad
2320 1525 2443 1568 quem

685 1580 783 1629 post
813 1568 1073 1629 pupillorum
1114 1568 1274 1612 obitum
1308 1585 1375 1612 res
1406 1565 1625 1611 familiaris
1656 1566 1825 1611 veniret.
1876 1568 2001 1626 Diog.
2031 1569 2166 1613 Laert.
2196 1569 2229 1622 I,
2256 1573 2299 1622 2,
2330 1572 2372 1617 9.

810 1631 1005 1692 Denique
1044 1630 1312 1691 pervenimus
1355 1628 1410 1672 ad
1452 1627 1609 1685 legem,
1649 1644 1771 1687 quam
1803 1629 2018 1674 Diodorus
2060 1632 2198 1691 primo
2231 1630 2323 1675 loco
2356 1648 2443 1676 me-

684 1704 835 1746 morat,
865 1694 1074 1736 Stobaeus
1102 1690 1320 1751 prooemio
1347 1689 1609 1741 Charondae,
1634 1691 1749 1748 quod
1777 1691 1942 1744 dicitur,
1970 1692 2159 1746 inseruit,
2192 1693 2244 1736 de
2264 1711 2439 1736 noverca

685 1754 833 1798 liberis
869 1772 958 1798 non
999 1751 1378 1813 superinducenda.
1451 1750 1528 1793 Cui
1567 1749 1648 1808 legi
1691 1753 2050 1798 commendandae
2087 1771 2194 1816 quae
2234 1755 2443 1799 conditori

688 1816 905 1861 obversata
946 1815 1030 1859 sint
1072 1824 1339 1874 argumenta,
1384 1811 1536 1856 videsis
1580 1813 1695 1872 apud
1737 1813 1863 1858 Diod.
1881 1816 1975 1868 XII,
2010 1817 2080 1860 12.
2154 1817 2270 1860 Idem
2312 1834 2346 1861 c.
2371 1818 2442 1861 14.

684 1889 832 1939 poetae
866 1877 1043 1938 alicujus
1085 1895 1229 1921 versus
1263 1875 1469 1920 iambicos
1502 1874 1668 1928 recitat,
1711 1876 1865 1935 quibus
1898 1877 2000 1920 baec
2032 1878 2124 1937 ipsa
2152 1878 2214 1921 lex
2252 1880 2441 1923 Charon-

684 1941 765 1985 dae
805 1940 969 2000 poetica
1012 1939 1200 1983 oratione
1242 1937 1475 1997 exponitur.
1549 1935 1635 1993 Qui
1678 1947 1823 1980 contra
1866 1953 1955 1981 eam
1995 1938 2128 1997 legem
2176 1941 2439 2000 peccavisset,

685 2019 781 2046 eum
812 2001 1044 2045 secundum
1080 2000 1198 2044 Stob.
1226 2016 1347 2043 serm.
1378 1999 1527 2049 XLIV,
1555 2000 1661 2041 223.
1709 1998 1956 2043 Charondas
1999 2000 2175 2057 jusserat
2212 2002 2329 2046 nullo
2362 2003 2438 2047 ho-

685 2080 790 2108 nore
823 2062 995 2115 haberi,
1040 2062 1115 2106 sed
1159 2060 1328 2121 probris
1364 2058 1512 2104 lacessi
1544 2058 1628 2118 (μῆ
1660 2054 1924 2121 εὖὸοξείτω,
1961 2059 2085 2111 ἀλλ’
2116 2059 2438 2123 ὄνειδιζέσθω).

684 2125 869 2170 Poenam
904 2124 1139 2168 accuratius
1172 2122 1387 2167 Diodorus
1422 2131 1646 2174 memorat,
1685 2121 1740 2170 τό
1771 2121 1836 2181 mi
1874 2123 2100 2182 γίνεσθαι
2143 2123 2439 2185 συμβούλους

683 2186 873 2238 τούτους
903 2190 970 2247 τῇ
999 2181 1204 2235 ›nm-131,
1264 2187 1501 2243 Utrumque
1544 2183 1604 2227 sic
1646 2184 1847 2243 expressit
1887 2195 2010 2244 poeta
2046 2202 2174 2245 supra
2216 2188 2437 2232 excitatus:

682 2247 793 2309 μήτ’
832 2243 1085 2310 εὖδοκιμεῖσ
1132 2269 1191 2303 ω,
1235 2243 1359 2309 μήτε
1397 2244 1647 2306 μετεχέτω
1693 2242 1841 2306 λόγου
1886 2247 2020 2312 παραὶ
2061 2252 2152 2299 τοῖς
2201 2249 2438 2300 πολίταις.

683 2313 804 2355 Plato
833 2312 945 2354 idem
967 2312 1129 2362 suadet,
1160 2310 1277 2368 quod
1298 2308 1561 2360 Charondas,
1591 2324 1727 2366 neque
1746 2325 1843 2351 vero
1860 2308 2036 2368 imperat
2059 2310 2249 2367 legg.Xl‚
2272 2315 2377 2363 930,
2395 2313 2435 2355 b.

810 2370 976 2418 Deinde
1018 2370 1073 2418 ad
1114 2371 1181 2432 jus
1224 2386 1367 2416 rerum
1400 2368 1565 2423 attinet,
1611 2367 1726 2430 quod
1757 2368 2000 2417 Aristoteles
2039 2370 2226 2418 indicare
2258 2372 2434 2426 videtur,

684 2444 843 2479 certum
876 2435 1047 2477 modum
1078 2450 1277 2493 agrorum
1315 2432 1487 2474 Thuriis
1530 2432 1800 2475 constitutum
1832 2433 1989 2488 fuisse,
2020 2433 2128 2477 ultra
2153 2451 2275 2494 quem
2310 2436 2434 2495 quid-

684 2515 810 2558 quam
854 2496 1073 2557 possidere
1113 2514 1191 2556 per
1241 2495 1376 2553 legem
1418 2493 1586 2538 vetitum
1638 2505 1738 2540 erat.
1777 2514 1815 2541 v,
1846 2494 1976 2541 Arist.
2017 2494 2102 2556 pol.
2129 2498 2189 2550 V,
2223 2498 2264 2542 6.
2305 2496 2433 2543 Schn.

684 2575 724 2621 p.
749 2558 853 2604 168.
883 2557 1038 2602 Goettl.
1080 2584 1138 2591 —
1186 2558 1249 2600 De
1280 2556 1377 2600 dote
1404 2555 1530 2618 paulo
1564 2566 1659 2599 ante
1686 2556 1877 2600 diximus.

808 2623 917 2665 Tum
947 2621 1000 2665 de
1032 2621 1126 2680 jure
1153 2619 1456 2678 obligationum
1487 2637 1571 2663 una
1602 2630 1763 2663 tantum
1793 2620 1857 2663 lex
1883 2618 2138 2664 Thuriorum
2173 2620 2225 2664 de
2255 2620 2434 2665 emtione

685 2683 923 2729 venditione
955 2693 1115 2728 servata
1156 2693 1216 2727 est
1249 2700 1271 2725 a
1304 2681 1598 2741 Theophrasto
1644 2699 1709 2742 ap.
1743 2681 1968 2726 Stobaeum
1997 2699 2119 2728 serm.
2139 2683 2287 2737 XLIV,
2315 2684 2434 2736 201,

683 2745 759 2790 sed
791 2762 896 2806 quae
923 2745 1298 2790 luculentissimum
1331 2743 1505 2806 praebet
1535 2743 1793 2805 exemplum,
1834 2760 1917 2805 quo
1945 2744 2168 2799 docemur,
2212 2745 2291 2789 hac
2317 2745 2361 2788 in
2387 2761 2431 2789 re

682 2808 948 2869 potissimum
982 2808 1238 2864 diligentiam
1271 2807 1397 2849 nimis
1430 2817 1663 2848 accuratam
1698 2806 1869 2850 Thuriis
1904 2808 2002 2851 vitio
2043 2808 2144 2850 verti
2178 2808 2231 2850 ab
2258 2807 2429 2867 Ephoro

685 2887 752 2932 ap.
784 2869 924 2916 Strab.
945 2871 1016 2924 Vl,
1048 2869 1152 2914 398.
1215 2868 1374 2913 Locum
1414 2866 1694 2929 Theophrasti
1731 2867 1944 2930 aliquanto
1990 2867 2274 2914 obscuriorem
2308 2885 2430 2931 expe-
