<?xml version="1.0" encoding="UTF-8"?>
<!DOCTYPE html PUBLIC "-//W3C//DTD XHTML 1.0 Transitional//EN"
    "http://www.w3.org/TR/xhtml1/DTD/xhtml1-transitional.dtd">
<html xmlns="http://www.w3.org/1999/xhtml" xml:lang="en" lang="en">
 <head>
  <title>
</title>
<meta http-equiv="Content-Type" content="text/html;charset=utf-8" />
  <meta name='ocr-system' content='tesseract 3.04.00' />
  <meta name='ocr-capabilities' content='ocr_page ocr_carea ocr_par ocr_line ocrx_word'/>
</head>
<body>
  <div class='ocr_page' id='page_1' title='image "4769322_0066.png"; bbox 0 0 2933 3722; ppageno 0'>
   <div class='ocr_carea' id='block_1_1' title="bbox 1525 334 1596 382">
    <p class='ocr_par' dir='ltr' id='par_1_1' title="bbox 1525 334 1596 382">
     <span class='ocr_line' id='line_1_1' title="bbox 1525 334 1596 382; baseline 0 0"><span class='ocrx_word' id='word_1_1' title='bbox 1525 334 1596 382; x_wconf 68' lang='lat'><strong>50</strong></span> 
     </span>
    </p>
   </div>
   <div class='ocr_carea' id='block_1_2' title="bbox 678 445 2442 2551">
    <p class='ocr_par' dir='ltr' id='par_1_2' title="bbox 679 445 2439 1377">
     <span class='ocr_line' id='line_1_2' title="bbox 681 445 2430 507; baseline 0.001 -14"><span class='ocrx_word' id='word_1_2' title='bbox 681 464 778 493; x_wconf 90' lang='lat' dir='ltr'><strong>cum</strong></span> <span class='ocrx_word' id='word_1_3' title='bbox 818 446 900 491; x_wconf 89' lang='lat' dir='ltr'><strong>illis</strong></span> <span class='ocrx_word' id='word_1_4' title='bbox 945 445 1152 492; x_wconf 87' lang='lat' dir='ltr'><strong>coloniam</strong></span> <span class='ocrx_word' id='word_1_5' title='bbox 1195 445 1439 492; x_wconf 78' lang='lat' dir='ltr'><strong>Heracleam</strong></span> <span class='ocrx_word' id='word_1_6' title='bbox 1480 446 1756 492; x_wconf 82' lang='lat' dir='ltr'><strong>deduxerunt.</strong></span> <span class='ocrx_word' id='word_1_7' title='bbox 1830 445 1916 492; x_wconf 89' lang='lat' dir='ltr'><strong>Sed</strong></span> <span class='ocrx_word' id='word_1_8' title='bbox 1952 446 2057 507; x_wconf 85' lang='lat' dir='ltr'><strong>quid</strong></span> <span class='ocrx_word' id='word_1_9' title='bbox 2091 446 2291 494; x_wconf 87' lang='lat' dir='ltr'><strong>faciemus</strong></span> <span class='ocrx_word' id='word_1_10' title='bbox 2336 449 2430 495; x_wconf 91' lang='lat' dir='ltr'><strong>loco</strong></span> 
     </span>
     <span class='ocr_line' id='line_1_3' title="bbox 680 507 2430 562; baseline 0.002 -9"><span class='ocrx_word' id='word_1_11' title='bbox 680 509 900 557; x_wconf 84' lang='lat' dir='ltr'><strong>Strabonis</strong></span> <span class='ocrx_word' id='word_1_12' title='bbox 931 510 1013 562; x_wconf 89' lang='lat' dir='ltr'><strong>VI,</strong></span> <span class='ocrx_word' id='word_1_13' title='bbox 1043 509 1153 561; x_wconf 80' lang='lat'><strong>429,</strong></span> <span class='ocrx_word' id='word_1_14' title='bbox 1182 509 1256 552; x_wconf 91' lang='lat' dir='ltr'><strong>ubi</strong></span> <span class='ocrx_word' id='word_1_15' title='bbox 1289 520 1539 555; x_wconf 88' lang='lat' dir='ltr'><strong>conventum</strong></span> <span class='ocrx_word' id='word_1_16' title='bbox 1568 510 1828 554; x_wconf 83' lang='lat' dir='ltr'><strong>Graecorum</strong></span> <span class='ocrx_word' id='word_1_17' title='bbox 1859 507 2001 553; x_wconf 83' lang='lat' dir='ltr'><strong>ltaliae</strong></span> <span class='ocrx_word' id='word_1_18' title='bbox 2026 509 2251 556; x_wconf 83' lang='lat' dir='ltr'><strong>Heracleae</strong></span> <span class='ocrx_word' id='word_1_19' title='bbox 2283 512 2430 558; x_wconf 86' lang='lat' dir='ltr'><strong>haberi</strong></span> 
     </span>
     <span class='ocr_line' id='line_1_4' title="bbox 680 569 2431 631; baseline 0.003 -17"><span class='ocrx_word' id='word_1_20' title='bbox 680 571 846 615; x_wconf 89' lang='lat' dir='ltr'><strong>solitum</strong></span> <span class='ocrx_word' id='word_1_21' title='bbox 869 573 907 628; x_wconf 89' lang='lat'><strong>1)</strong></span> <span class='ocrx_word' id='word_1_22' title='bbox 937 570 1175 615; x_wconf 84' lang='lat' dir='ltr'><strong>Alexander</strong></span> <span class='ocrx_word' id='word_1_23' title='bbox 1205 569 1418 616; x_wconf 89' lang='lat' dir='ltr'><strong>Molossus</strong></span> <span class='ocrx_word' id='word_1_24' title='bbox 1452 572 1552 616; x_wconf 91' lang='lat' dir='ltr'><strong>odio</strong></span> <span class='ocrx_word' id='word_1_25' title='bbox 1581 571 1931 624; x_wconf 56' lang='lat' dir='ltr'><strong>Tarentinorum,</strong></span> <span class='ocrx_word' id='word_1_26' title='bbox 1962 570 2033 631; x_wconf 92' lang='lat' dir='ltr'><strong>qui</strong></span> <span class='ocrx_word' id='word_1_27' title='bbox 2067 571 2230 630; x_wconf 85' lang='lat' dir='ltr'><strong>potiora</strong></span> <span class='ocrx_word' id='word_1_28' title='bbox 2264 574 2308 618; x_wconf 92' lang='lat' dir='ltr'><strong>in</strong></span> <span class='ocrx_word' id='word_1_29' title='bbox 2342 592 2431 619; x_wconf 85' lang='lat' dir='ltr'><strong>eam</strong></span> 
     </span>
     <span class='ocr_line' id='line_1_5' title="bbox 681 631 2432 694; baseline 0.003 -18"><span class='ocrx_word' id='word_1_30' title='bbox 681 632 828 677; x_wconf 88' lang='lat' dir='ltr'><strong>urbem</strong></span> <span class='ocrx_word' id='word_1_31' title='bbox 862 650 989 692; x_wconf 89' lang='lat' dir='ltr'><strong>quam</strong></span> <span class='ocrx_word' id='word_1_32' title='bbox 1018 631 1198 676; x_wconf 75' lang='lat' dir='ltr'>Thurini</span> <span class='ocrx_word' id='word_1_33' title='bbox 1225 649 1445 678; x_wconf 83' lang='lat' dir='ltr'><strong>exercuere</strong></span> <span class='ocrx_word' id='word_1_34' title='bbox 1477 634 1584 694; x_wconf 88' lang='lat' dir='ltr'><strong>jura,</strong></span> <span class='ocrx_word' id='word_1_35' title='bbox 1611 633 1656 677; x_wconf 90' lang='lat' dir='ltr'><strong>in</strong></span> <span class='ocrx_word' id='word_1_36' title='bbox 1681 632 1939 676; x_wconf 89' lang='lat' dir='ltr'><strong>Thuriorum</strong></span> <span class='ocrx_word' id='word_1_37' title='bbox 1973 632 2174 676; x_wconf 79' lang='lat' dir='ltr'><strong>ditionem</strong></span> <span class='ocrx_word' id='word_1_38' title='bbox 2207 636 2432 680; x_wconf 88' lang='lat' dir='ltr'><strong>transferre</strong></span> 
     </span>
     <span class='ocr_line' id='line_1_6' title="bbox 681 692 2434 753; baseline -0.001 -14"><span class='ocrx_word' id='word_1_39' title='bbox 681 705 856 739; x_wconf 89' lang='lat' dir='ltr'><strong>conatus</strong></span> <span class='ocrx_word' id='word_1_40' title='bbox 885 709 1018 753; x_wconf 86' lang='lat' dir='ltr'><strong>prope</strong></span> <span class='ocrx_word' id='word_1_41' title='bbox 1049 694 1336 738; x_wconf 83' lang='lat' dir='ltr'><strong>Acalandrum</strong></span> <span class='ocrx_word' id='word_1_42' title='bbox 1367 695 1539 739; x_wconf 90' lang='lat' dir='ltr'><strong>fluvium</strong></span> <span class='ocrx_word' id='word_1_43' title='bbox 1570 695 1725 739; x_wconf 79' lang='lat' dir='ltr'><strong>dicitur</strong></span> <span class='ocrx_word' id='word_1_44' title='bbox 1755 693 1893 738; x_wconf 88' lang='lat' dir='ltr'><strong>locum</strong></span> <span class='ocrx_word' id='word_1_45' title='bbox 1936 695 1980 737; x_wconf 91' lang='lat' dir='ltr'><strong>in</strong></span> <span class='ocrx_word' id='word_1_46' title='bbox 2016 711 2110 737; x_wconf 90' lang='lat' dir='ltr'><strong>cum</strong></span> <span class='ocrx_word' id='word_1_47' title='bbox 2153 692 2279 738; x_wconf 87' lang='lat' dir='ltr'><strong>finem</strong></span> <span class='ocrx_word' id='word_1_48' title='bbox 2312 715 2434 742; x_wconf 86' lang='lat' dir='ltr'><strong>muro</strong></span> 
     </span>
     <span class='ocr_line' id='line_1_7' title="bbox 679 755 2434 818; baseline 0.002 -18"><span class='ocrx_word' id='word_1_49' title='bbox 679 756 916 817; x_wconf 82' lang='lat' dir='ltr'><strong>saepsisse?</strong></span> <span class='ocrx_word' id='word_1_50' title='bbox 958 756 1066 800; x_wconf 89' lang='lat' dir='ltr'><strong>Nam</strong></span> <span class='ocrx_word' id='word_1_51' title='bbox 1102 756 1388 802; x_wconf 89' lang='lat' dir='ltr'><strong>Acalandrum</strong></span> <span class='ocrx_word' id='word_1_52' title='bbox 1428 774 1453 802; x_wconf 87' lang='lat' dir='ltr'><strong>a</strong></span> <span class='ocrx_word' id='word_1_53' title='bbox 1486 755 1801 818; x_wconf 78' lang='lat' dir='ltr'><strong>septentrionali</strong></span> <span class='ocrx_word' id='word_1_54' title='bbox 1839 755 2064 801; x_wconf 88' lang='lat' dir='ltr'><strong>Heracleae</strong></span> <span class='ocrx_word' id='word_1_55' title='bbox 2096 766 2213 817; x_wconf 88' lang='lat' dir='ltr'><strong>parte</strong></span> <span class='ocrx_word' id='word_1_56' title='bbox 2245 769 2434 818; x_wconf 89' lang='lat' dir='ltr'><strong>apertum</strong></span> 
     </span>
     <span class='ocr_line' id='line_1_8' title="bbox 680 818 2433 878; baseline 0.002 -17"><span class='ocrx_word' id='word_1_57' title='bbox 680 828 743 865; x_wconf 88' lang='lat' dir='ltr'><strong>est</strong></span> <span class='ocrx_word' id='word_1_58' title='bbox 773 818 878 878; x_wconf 90' lang='lat' dir='ltr'><strong>poni</strong></span> <span class='ocrx_word' id='word_1_59' title='bbox 911 835 936 861; x_wconf 90' lang='lat' dir='ltr'><strong>a</strong></span> <span class='ocrx_word' id='word_1_60' title='bbox 964 818 1102 861; x_wconf 88' lang='lat' dir='ltr'><strong>Plinio</strong></span> <span class='ocrx_word' id='word_1_61' title='bbox 1134 819 1184 861; x_wconf 88' lang='lat' dir='ltr'><strong>N.</strong></span> <span class='ocrx_word' id='word_1_62' title='bbox 1216 821 1266 862; x_wconf 90' lang='lat' dir='ltr'><strong>H.</strong></span> <span class='ocrx_word' id='word_1_63' title='bbox 1290 821 1367 872; x_wconf 84' lang='lat'><strong>111,</strong></span> <span class='ocrx_word' id='word_1_64' title='bbox 1397 820 1469 863; x_wconf 88' lang='lat'><strong>11.</strong></span> <span class='ocrx_word' id='word_1_65' title='bbox 1531 821 1626 862; x_wconf 89' lang='lat' dir='ltr'><strong>Jam</strong></span> <span class='ocrx_word' id='word_1_66' title='bbox 1659 819 1817 862; x_wconf 91' lang='lat' dir='ltr'><strong>Islaeus</strong></span> <span class='ocrx_word' id='word_1_67' title='bbox 1849 829 2023 878; x_wconf 90' lang='lat' dir='ltr'><strong>propter</strong></span> <span class='ocrx_word' id='word_1_68' title='bbox 2043 818 2264 862; x_wconf 84' lang='lat' dir='ltr'><strong>Strabonis</strong></span> <span class='ocrx_word' id='word_1_69' title='bbox 2296 819 2433 864; x_wconf 89' lang='lat' dir='ltr'><strong>locum</strong></span> 
     </span>
     <span class='ocr_line' id='line_1_9' title="bbox 680 878 2435 941; baseline 0.001 -16"><span class='ocrx_word' id='word_1_70' title='bbox 680 879 967 925; x_wconf 87' lang='lat' dir='ltr'><strong>Acalandrum</strong></span> <span class='ocrx_word' id='word_1_71' title='bbox 1003 879 1226 925; x_wconf 84' lang='lat' dir='ltr'><strong>Heracleae</strong></span> <span class='ocrx_word' id='word_1_72' title='bbox 1268 899 1291 926; x_wconf 93' lang='lat' dir='ltr'><strong>a</strong></span> <span class='ocrx_word' id='word_1_73' title='bbox 1324 880 1498 927; x_wconf 90' lang='lat' dir='ltr'><strong>meridie</strong></span> <span class='ocrx_word' id='word_1_74' title='bbox 1538 880 1706 926; x_wconf 85' lang='lat' dir='ltr'><strong>fluxisse</strong></span> <span class='ocrx_word' id='word_1_75' title='bbox 1744 880 1926 934; x_wconf 90' lang='lat' dir='ltr'><strong>censuit,</strong></span> <span class='ocrx_word' id='word_1_76' title='bbox 1967 878 2167 925; x_wconf 85' lang='lat' dir='ltr'><strong>Cluverus</strong></span> <span class='ocrx_word' id='word_1_77' title='bbox 2212 878 2435 941; x_wconf 86' lang='lat' dir='ltr'><strong>legendum</strong></span> 
     </span>
     <span class='ocr_line' id='line_1_10' title="bbox 682 942 2437 1005; baseline 0.001 -18"><span class='ocrx_word' id='word_1_78' title='bbox 682 958 771 987; x_wconf 87' lang='lat' dir='ltr'><strong>esse</strong></span> <span class='ocrx_word' id='word_1_79' title='bbox 812 942 973 1002; x_wconf 87' lang='lat' dir='ltr'><strong>putavit</strong></span> <span class='ocrx_word' id='word_1_80' title='bbox 1014 942 1307 1004; x_wconf 86' lang='lat' dir='ltr'><strong>Cylistarnum.</strong></span> <span class='ocrx_word' id='word_1_81' title='bbox 1371 945 1462 988; x_wconf 91' lang='lat' dir='ltr'><strong>Hoc</strong></span> <span class='ocrx_word' id='word_1_82' title='bbox 1506 954 1642 1005; x_wconf 87' lang='lat' dir='ltr'><strong>patet,</strong></span> <span class='ocrx_word' id='word_1_83' title='bbox 1676 942 1961 987; x_wconf 89' lang='lat' dir='ltr'><strong>Acalandrum</strong></span> <span class='ocrx_word' id='word_1_84' title='bbox 2000 960 2087 986; x_wconf 90' lang='lat' dir='ltr'><strong>non</strong></span> <span class='ocrx_word' id='word_1_85' title='bbox 2131 943 2310 987; x_wconf 89' lang='lat' dir='ltr'><strong>eundem</strong></span> <span class='ocrx_word' id='word_1_86' title='bbox 2348 961 2437 988; x_wconf 90' lang='lat' dir='ltr'><strong>esse</strong></span> 
     </span>
     <span class='ocr_line' id='line_1_11' title="bbox 682 1002 2438 1065; baseline 0.003 -18"><span class='ocrx_word' id='word_1_87' title='bbox 682 1021 809 1065; x_wconf 86' lang='lat' dir='ltr'><strong>quam</strong></span> <span class='ocrx_word' id='word_1_88' title='bbox 842 1004 915 1064; x_wconf 90' lang='lat' dir='ltr'><strong>qui</strong></span> <span class='ocrx_word' id='word_1_89' title='bbox 946 1004 1073 1048; x_wconf 89' lang='lat' dir='ltr'><strong>hodie</strong></span> <span class='ocrx_word' id='word_1_90' title='bbox 1105 1002 1465 1050; x_wconf 86' lang='lat' dir='ltr'><strong>Salandrello</strong></span> <span class='ocrx_word' id='word_1_91' title='bbox 1498 1017 1670 1051; x_wconf 85' lang='lat' dir='ltr'><strong>vocatur</strong></span> <span class='ocrx_word' id='word_1_92' title='bbox 1703 1005 1874 1058; x_wconf 86' lang='lat' dir='ltr'><strong>accolis,</strong></span> <span class='ocrx_word' id='word_1_93' title='bbox 1919 1003 1993 1050; x_wconf 88' lang='lat' dir='ltr'><strong>sed</strong></span> <span class='ocrx_word' id='word_1_94' title='bbox 2039 1004 2282 1049; x_wconf 89' lang='lat' dir='ltr'><strong>Heracleam</strong></span> <span class='ocrx_word' id='word_1_95' title='bbox 2328 1007 2438 1055; x_wconf 87' lang='lat' dir='ltr'><strong>inter</strong></span> 
     </span>
     <span class='ocr_line' id='line_1_12' title="bbox 683 1066 2439 1129; baseline 0.001 -18"><span class='ocrx_word' id='word_1_96' title='bbox 683 1076 723 1111; x_wconf 85' lang='lat' dir='ltr'><strong>et</strong></span> <span class='ocrx_word' id='word_1_97' title='bbox 755 1066 946 1110; x_wconf 90' lang='lat' dir='ltr'><strong>Thurios</strong></span> <span class='ocrx_word' id='word_1_98' title='bbox 978 1067 1244 1127; x_wconf 87' lang='lat' dir='ltr'><strong>ponendum:</strong></span> <span class='ocrx_word' id='word_1_99' title='bbox 1278 1069 1488 1115; x_wconf 88' lang='lat' dir='ltr'><strong>Mannert.</strong></span> <span class='ocrx_word' id='word_1_100' title='bbox 1515 1085 1657 1129; x_wconf 86' lang='lat' dir='ltr'><strong>geogr.</strong></span> <span class='ocrx_word' id='word_1_101' title='bbox 1687 1068 1761 1112; x_wconf 90' lang='lat' dir='ltr'><strong>Gr.</strong></span> <span class='ocrx_word' id='word_1_102' title='bbox 1788 1078 1827 1112; x_wconf 89' lang='lat' dir='ltr'><strong>et</strong></span> <span class='ocrx_word' id='word_1_103' title='bbox 1857 1069 1907 1112; x_wconf 89' lang='lat' dir='ltr'><strong>R.</strong></span> <span class='ocrx_word' id='word_1_104' title='bbox 1939 1069 2013 1120; x_wconf 90' lang='lat' dir='ltr'><strong>IX,</strong></span> <span class='ocrx_word' id='word_1_105' title='bbox 2045 1071 2090 1121; x_wconf 80' lang='lat'><strong>2,</strong></span> <span class='ocrx_word' id='word_1_106' title='bbox 2118 1067 2224 1111; x_wconf 81' lang='lat'><strong>231.</strong></span> <span class='ocrx_word' id='word_1_107' title='bbox 2251 1066 2439 1123; x_wconf 90' lang='lat' dir='ltr'><strong>fluvium,</strong></span> 
     </span>
     <span class='ocr_line' id='line_1_13' title="bbox 711 1128 2439 1192; baseline 0.003 -22"><span class='ocrx_word' id='word_1_108' title='bbox 711 1128 756 1171; x_wconf 88' lang='lat' dir='ltr'><strong>ui</strong></span> <span class='ocrx_word' id='word_1_109' title='bbox 784 1145 899 1172; x_wconf 91' lang='lat' dir='ltr'><strong>nunc</strong></span> <span class='ocrx_word' id='word_1_110' title='bbox 932 1129 1240 1174; x_wconf 88' lang='lat' dir='ltr'><strong>Rocanello</strong></span> <span class='ocrx_word' id='word_1_111' title='bbox 1274 1131 1528 1192; x_wconf 89' lang='lat' dir='ltr'><strong>appellatur,</strong></span> <span class='ocrx_word' id='word_1_112' title='bbox 1558 1142 1596 1175; x_wconf 89' lang='lat' dir='ltr'><strong>et</strong></span> <span class='ocrx_word' id='word_1_113' title='bbox 1621 1148 1645 1174; x_wconf 88' lang='lat' dir='ltr'><strong>a</strong></span> <span class='ocrx_word' id='word_1_114' title='bbox 1677 1129 1875 1174; x_wconf 79' lang='lat' dir='ltr'><strong>Crathide</strong></span> <span class='ocrx_word' id='word_1_115' title='bbox 1908 1129 2037 1173; x_wconf 89' lang='lat' dir='ltr'><strong>millia</strong></span> <span class='ocrx_word' id='word_1_116' title='bbox 2067 1146 2268 1190; x_wconf 90' lang='lat' dir='ltr'><strong>passuum</strong></span> <span class='ocrx_word' id='word_1_117' title='bbox 2298 1130 2439 1184; x_wconf 84' lang='lat' dir='ltr'><strong>distat,</strong></span> 
     </span>
     <span class='ocr_line' id='line_1_14' title="bbox 681 1146 2439 1251; baseline 0.002 -17"><span class='ocrx_word' id='word_1_118' title='bbox 681 1146 967 1234; x_wconf 47' lang='lat' dir='ltr'><strong>{calandrum</strong></span> <span class='ocrx_word' id='word_1_119' title='bbox 997 1207 1086 1234; x_wconf 89' lang='lat' dir='ltr'><strong>esse</strong></span> <span class='ocrx_word' id='word_1_120' title='bbox 1119 1193 1308 1251; x_wconf 86' lang='lat' dir='ltr'><strong>conjicit:</strong></span> <span class='ocrx_word' id='word_1_121' title='bbox 1342 1193 1461 1236; x_wconf 86' lang='lat' dir='ltr'><strong>aliter</strong></span> <span class='ocrx_word' id='word_1_122' title='bbox 1489 1192 1769 1244; x_wconf 84' lang='lat' dir='ltr'><strong>Romanell.1,</strong></span> <span class='ocrx_word' id='word_1_123' title='bbox 1794 1193 1889 1236; x_wconf 82' lang='lat'><strong>238</strong></span> <span class='ocrx_word' id='word_1_124' title='bbox 1921 1202 1959 1235; x_wconf 88' lang='lat' dir='ltr'><strong>et</strong></span> <span class='ocrx_word' id='word_1_125' title='bbox 1978 1192 2087 1244; x_wconf 81' lang='lat'><strong>243,</strong></span> <span class='ocrx_word' id='word_1_126' title='bbox 2120 1208 2169 1235; x_wconf 87' lang='lat' dir='ltr'><strong>ex</strong></span> <span class='ocrx_word' id='word_1_127' title='bbox 2189 1192 2309 1250; x_wconf 85' lang='lat' dir='ltr'><strong>cujus</strong></span> <span class='ocrx_word' id='word_1_128' title='bbox 2341 1210 2439 1237; x_wconf 88' lang='lat' dir='ltr'><strong>sen-</strong></span> 
     </span>
     <span class='ocr_line' id='line_1_15' title="bbox 682 1250 2438 1314; baseline 0.003 -19"><span class='ocrx_word' id='word_1_129' title='bbox 682 1251 810 1296; x_wconf 81' lang='lat' dir='ltr'><strong>tentia</strong></span> <span class='ocrx_word' id='word_1_130' title='bbox 843 1250 1104 1314; x_wconf 89' lang='lat' dir='ltr'><strong>Cylistarnus</strong></span> <span class='ocrx_word' id='word_1_131' title='bbox 1136 1271 1169 1299; x_wconf 90' lang='lat' dir='ltr'><strong>s.</strong></span> <span class='ocrx_word' id='word_1_132' title='bbox 1200 1254 1340 1314; x_wconf 90' lang='lat' dir='ltr'><strong>potius</strong></span> <span class='ocrx_word' id='word_1_133' title='bbox 1371 1254 1402 1298; x_wconf 95' lang='lat' dir='ltr'>C</span> <span class='ocrx_word' id='word_1_134' title='bbox 1434 1253 1601 1299; x_wconf 81' lang='lat' dir='ltr'><strong>lisâ€™tarus</strong></span> <span class='ocrx_word' id='word_1_135' title='bbox 1631 1271 1746 1298; x_wconf 91' lang='lat' dir='ltr'><strong>nunc</strong></span> <span class='ocrx_word' id='word_1_136' title='bbox 1766 1252 2104 1298; x_wconf 87' lang='lat' dir='ltr'><strong>Roccanello</strong></span> <span class='ocrx_word' id='word_1_137' title='bbox 2130 1252 2298 1308; x_wconf 90' lang='lat' dir='ltr'><strong>dicitur,</strong></span> <span class='ocrx_word' id='word_1_138' title='bbox 2327 1255 2438 1300; x_wconf 87' lang='lat' dir='ltr'><strong>Aca-</strong></span> 
     </span>
     <span class='ocr_line' id='line_1_16' title="bbox 681 1313 1930 1377; baseline 0.001 -19"><span class='ocrx_word' id='word_1_139' title='bbox 681 1313 831 1359; x_wconf 89' lang='lat' dir='ltr'><strong>lander</strong></span> <span class='ocrx_word' id='word_1_140' title='bbox 863 1324 1001 1359; x_wconf 88' lang='lat' dir='ltr'><strong>autem</strong></span> <span class='ocrx_word' id='word_1_141' title='bbox 1032 1314 1322 1361; x_wconf 90' lang='lat' dir='ltr'><strong>Calandro.</strong></span> <span class='ocrx_word' id='word_1_142' title='bbox 1422 1316 1450 1360; x_wconf 86' lang='lat' dir='ltr'><strong>f.</strong></span> <span class='ocrx_word' id='word_1_143' title='bbox 1483 1316 1658 1361; x_wconf 90' lang='lat' dir='ltr'><strong>Ullrich.</strong></span> <span class='ocrx_word' id='word_1_144' title='bbox 1687 1315 1790 1377; x_wconf 91' lang='lat' dir='ltr'><strong>Syb.</strong></span> <span class='ocrx_word' id='word_1_145' title='bbox 1823 1332 1864 1375; x_wconf 88' lang='lat' dir='ltr'><strong>p.</strong></span> <span class='ocrx_word' id='word_1_146' title='bbox 1887 1315 1930 1359; x_wconf 88' lang='grc'><strong>4.</strong></span> 
     </span>
    </p>

    <p class='ocr_par' dir='ltr' id='par_1_3' title="bbox 678 1375 2442 2237">
     <span class='ocr_line' id='line_1_17' title="bbox 806 1375 2438 1436; baseline 0.001 -16"><span class='ocrx_word' id='word_1_147' title='bbox 806 1377 873 1420; x_wconf 91' lang='lat' dir='ltr'><strong>De</strong></span> <span class='ocrx_word' id='word_1_148' title='bbox 904 1378 1164 1421; x_wconf 88' lang='lat' dir='ltr'><strong>commerciis</strong></span> <span class='ocrx_word' id='word_1_149' title='bbox 1198 1395 1246 1421; x_wconf 93' lang='lat' dir='ltr'><strong>ac</strong></span> <span class='ocrx_word' id='word_1_150' title='bbox 1280 1389 1512 1421; x_wconf 86' lang='lat' dir='ltr'><strong>mercatura</strong></span> <span class='ocrx_word' id='word_1_151' title='bbox 1546 1377 1810 1421; x_wconf 90' lang='lat' dir='ltr'><strong>Thuriorum</strong></span> <span class='ocrx_word' id='word_1_152' title='bbox 1844 1393 1930 1418; x_wconf 90' lang='lat' dir='ltr'><strong>non</strong></span> <span class='ocrx_word' id='word_1_153' title='bbox 1963 1375 2128 1433; x_wconf 86' lang='lat' dir='ltr'><strong>expedit</strong></span> <span class='ocrx_word' id='word_1_154' title='bbox 2161 1376 2205 1418; x_wconf 88' lang='lat' dir='ltr'><strong>in</strong></span> <span class='ocrx_word' id='word_1_155' title='bbox 2224 1378 2438 1436; x_wconf 87' lang='lat' dir='ltr'><strong>conjectu-</strong></span> 
     </span>
     <span class='ocr_line' id='line_1_18' title="bbox 681 1436 2439 1499; baseline 0.001 -17"><span class='ocrx_word' id='word_1_156' title='bbox 681 1437 741 1482; x_wconf 88' lang='lat' dir='ltr'><strong>ris</strong></span> <span class='ocrx_word' id='word_1_157' title='bbox 767 1438 937 1491; x_wconf 90' lang='lat' dir='ltr'><strong>versari,</strong></span> <span class='ocrx_word' id='word_1_158' title='bbox 981 1456 1111 1499; x_wconf 90' lang='lat' dir='ltr'><strong>quum</strong></span> <span class='ocrx_word' id='word_1_159' title='bbox 1143 1450 1303 1485; x_wconf 85' lang='lat' dir='ltr'><strong>veteres</strong></span> <span class='ocrx_word' id='word_1_160' title='bbox 1335 1439 1460 1483; x_wconf 90' lang='lat' dir='ltr'><strong>nobis</strong></span> <span class='ocrx_word' id='word_1_161' title='bbox 1493 1439 1562 1483; x_wconf 91' lang='lat' dir='ltr'><strong>hic</strong></span> <span class='ocrx_word' id='word_1_162' title='bbox 1591 1438 1763 1482; x_wconf 88' lang='lat' dir='ltr'><strong>omnino</strong></span> <span class='ocrx_word' id='word_1_163' title='bbox 1797 1436 1946 1481; x_wconf 87' lang='lat' dir='ltr'><strong>desint.</strong></span> <span class='ocrx_word' id='word_1_164' title='bbox 2008 1437 2136 1481; x_wconf 90' lang='lat' dir='ltr'><strong>Laeta</strong></span> <span class='ocrx_word' id='word_1_165' title='bbox 2168 1437 2439 1493; x_wconf 89' lang='lat' dir='ltr'><strong>incrementa,</strong></span> 
     </span>
     <span class='ocr_line' id='line_1_19' title="bbox 681 1499 2442 1560; baseline 0.002 -19"><span class='ocrx_word' id='word_1_166' title='bbox 681 1515 789 1559; x_wconf 90' lang='lat' dir='ltr'><strong>quae</strong></span> <span class='ocrx_word' id='word_1_167' title='bbox 823 1500 966 1544; x_wconf 88' lang='lat' dir='ltr'><strong>civitas</strong></span> <span class='ocrx_word' id='word_1_168' title='bbox 992 1517 1136 1543; x_wconf 87' lang='lat' dir='ltr'><strong>eorum</strong></span> <span class='ocrx_word' id='word_1_169' title='bbox 1169 1511 1330 1544; x_wconf 87' lang='lat' dir='ltr'><strong>mature</strong></span> <span class='ocrx_word' id='word_1_170' title='bbox 1364 1502 1495 1560; x_wconf 84' lang='lat' dir='ltr'><strong>cepit,</strong></span> <span class='ocrx_word' id='word_1_171' title='bbox 1531 1499 1752 1560; x_wconf 87' lang='lat' dir='ltr'><strong>probabile</strong></span> <span class='ocrx_word' id='word_1_172' title='bbox 1785 1510 1847 1542; x_wconf 90' lang='lat' dir='ltr'><strong>est</strong></span> <span class='ocrx_word' id='word_1_173' title='bbox 1878 1515 1964 1542; x_wconf 91' lang='lat' dir='ltr'><strong>non</strong></span> <span class='ocrx_word' id='word_1_174' title='bbox 1995 1499 2136 1542; x_wconf 85' lang='lat' dir='ltr'><strong>minus</strong></span> <span class='ocrx_word' id='word_1_175' title='bbox 2166 1501 2442 1554; x_wconf 87' lang='lat' dir='ltr'><strong>commerciis,</strong></span> 
     </span>
     <span class='ocr_line' id='line_1_20' title="bbox 682 1559 2439 1622; baseline 0.001 -18"><span class='ocrx_word' id='word_1_176' title='bbox 682 1577 809 1621; x_wconf 91' lang='lat' dir='ltr'><strong>quam</strong></span> <span class='ocrx_word' id='word_1_177' title='bbox 841 1561 1056 1622; x_wconf 89' lang='lat' dir='ltr'><strong>prosperis</strong></span> <span class='ocrx_word' id='word_1_178' title='bbox 1098 1561 1218 1605; x_wconf 91' lang='lat' dir='ltr'><strong>bellis</strong></span> <span class='ocrx_word' id='word_1_179' title='bbox 1264 1562 1432 1606; x_wconf 87' lang='lat' dir='ltr'><strong>deberi:</strong></span> <span class='ocrx_word' id='word_1_180' title='bbox 1477 1572 1516 1605; x_wconf 91' lang='lat' dir='ltr'><strong>et</strong></span> <span class='ocrx_word' id='word_1_181' title='bbox 1562 1561 1666 1605; x_wconf 89' lang='lat' dir='ltr'><strong>illud</strong></span> <span class='ocrx_word' id='word_1_182' title='bbox 1699 1561 1861 1621; x_wconf 90' lang='lat' dir='ltr'><strong>ipsum,</strong></span> <span class='ocrx_word' id='word_1_183' title='bbox 1905 1559 2019 1620; x_wconf 91' lang='lat' dir='ltr'><strong>quod</strong></span> <span class='ocrx_word' id='word_1_184' title='bbox 2058 1561 2178 1620; x_wconf 89' lang='lat' dir='ltr'><strong>quasi</strong></span> <span class='ocrx_word' id='word_1_185' title='bbox 2221 1562 2439 1607; x_wconf 85' lang='lat' dir='ltr'><strong>universae</strong></span> 
     </span>
     <span class='ocr_line' id='line_1_21' title="bbox 683 1621 2440 1679; baseline 0.001 -14"><span class='ocrx_word' id='word_1_186' title='bbox 683 1622 886 1666; x_wconf 90' lang='lat' dir='ltr'><strong>Graeciae</strong></span> <span class='ocrx_word' id='word_1_187' title='bbox 915 1623 1078 1666; x_wconf 87' lang='lat' dir='ltr'><strong>colonia</strong></span> <span class='ocrx_word' id='word_1_188' title='bbox 1110 1623 1270 1676; x_wconf 78' lang='lat' dir='ltr'><strong>fuerat,</strong></span> <span class='ocrx_word' id='word_1_189' title='bbox 1314 1624 1369 1666; x_wconf 90' lang='lat' dir='ltr'><strong>ad</strong></span> <span class='ocrx_word' id='word_1_190' title='bbox 1398 1623 1646 1666; x_wconf 90' lang='lat' dir='ltr'><strong>commercia</strong></span> <span class='ocrx_word' id='word_1_191' title='bbox 1673 1622 1937 1664; x_wconf 84' lang='lat' dir='ltr'><strong>Thuriorum</strong></span> <span class='ocrx_word' id='word_1_192' title='bbox 1969 1621 2152 1679; x_wconf 86' lang='lat' dir='ltr'><strong>juvanda</strong></span> <span class='ocrx_word' id='word_1_193' title='bbox 2183 1622 2273 1665; x_wconf 89' lang='lat' dir='ltr'><strong>sine</strong></span> <span class='ocrx_word' id='word_1_194' title='bbox 2308 1623 2440 1667; x_wconf 89' lang='lat' dir='ltr'><strong>dubio</strong></span> 
     </span>
     <span class='ocr_line' id='line_1_22' title="bbox 682 1682 2439 1745; baseline 0.001 -18"><span class='ocrx_word' id='word_1_195' title='bbox 682 1684 847 1743; x_wconf 87' lang='lat' dir='ltr'><strong>egregie</strong></span> <span class='ocrx_word' id='word_1_196' title='bbox 879 1683 1019 1728; x_wconf 88' lang='lat' dir='ltr'><strong>valuit.</strong></span> <span class='ocrx_word' id='word_1_197' title='bbox 1082 1684 1182 1729; x_wconf 81' lang='lat' dir='ltr'><strong>Vini</strong></span> <span class='ocrx_word' id='word_1_198' title='bbox 1214 1695 1337 1745; x_wconf 91' lang='lat' dir='ltr'><strong>atque</strong></span> <span class='ocrx_word' id='word_1_199' title='bbox 1376 1684 1456 1729; x_wconf 89' lang='lat' dir='ltr'><strong>olei</strong></span> <span class='ocrx_word' id='word_1_200' title='bbox 1487 1683 1673 1729; x_wconf 85' lang='lat' dir='ltr'><strong>Thurini</strong></span> <span class='ocrx_word' id='word_1_201' title='bbox 1716 1682 1828 1727; x_wconf 86' lang='lat' dir='ltr'><strong>fama</strong></span> <span class='ocrx_word' id='word_1_202' title='bbox 1870 1699 1947 1742; x_wconf 88' lang='lat' dir='ltr'><strong>per</strong></span> <span class='ocrx_word' id='word_1_203' title='bbox 1984 1692 2110 1726; x_wconf 86' lang='lat' dir='ltr'><strong>totam</strong></span> <span class='ocrx_word' id='word_1_204' title='bbox 2151 1683 2439 1744; x_wconf 83' lang='lat' dir='ltr'><strong>antiquitatem</strong></span> 
     </span>
     <span class='ocr_line' id='line_1_23' title="bbox 680 1745 2439 1805; baseline 0.001 -16"><span class='ocrx_word' id='word_1_205' title='bbox 680 1745 848 1804; x_wconf 86' lang='lat' dir='ltr'><strong>vulgata</strong></span> <span class='ocrx_word' id='word_1_206' title='bbox 878 1746 1161 1799; x_wconf 88' lang='lat' dir='ltr'><strong>demonstrat,</strong></span> <span class='ocrx_word' id='word_1_207' title='bbox 1203 1747 1392 1790; x_wconf 87' lang='lat' dir='ltr'><strong>Thurios</strong></span> <span class='ocrx_word' id='word_1_208' title='bbox 1421 1758 1554 1790; x_wconf 89' lang='lat' dir='ltr'><strong>terrae</strong></span> <span class='ocrx_word' id='word_1_209' title='bbox 1585 1762 1685 1789; x_wconf 89' lang='lat' dir='ltr'><strong>suae</strong></span> <span class='ocrx_word' id='word_1_210' title='bbox 1713 1755 1916 1805; x_wconf 88' lang='lat' dir='ltr'><strong>proventu</strong></span> <span class='ocrx_word' id='word_1_211' title='bbox 1947 1756 2176 1789; x_wconf 89' lang='lat' dir='ltr'><strong>mercatum</strong></span> <span class='ocrx_word' id='word_1_212' title='bbox 2210 1746 2439 1790; x_wconf 86' lang='lat' dir='ltr'><strong>instituisse</strong></span> 
     </span>
     <span class='ocr_line' id='line_1_24' title="bbox 681 1806 2438 1869; baseline 0.001 -18"><span class='ocrx_word' id='word_1_213' title='bbox 681 1808 1119 1868; x_wconf 87' lang='lat' dir='ltr'><strong>quaestuosissimum:</strong></span> <span class='ocrx_word' id='word_1_214' title='bbox 1160 1807 1294 1867; x_wconf 88' lang='lat' dir='ltr'><strong>picem</strong></span> <span class='ocrx_word' id='word_1_215' title='bbox 1332 1824 1523 1869; x_wconf 92' lang='lat' dir='ltr'><strong>quoque,</strong></span> <span class='ocrx_word' id='word_1_216' title='bbox 1562 1823 1688 1868; x_wconf 91' lang='lat' dir='ltr'><strong>quam</strong></span> <span class='ocrx_word' id='word_1_217' title='bbox 1727 1806 1813 1850; x_wconf 90' lang='lat' dir='ltr'><strong>Sila</strong></span> <span class='ocrx_word' id='word_1_218' title='bbox 1848 1806 2076 1866; x_wconf 86' lang='lat' dir='ltr'><strong>praestitit,</strong></span> <span class='ocrx_word' id='word_1_219' title='bbox 2121 1818 2355 1852; x_wconf 88' lang='lat' dir='ltr'><strong>mercatura</strong></span> <span class='ocrx_word' id='word_1_220' title='bbox 2384 1808 2438 1853; x_wconf 86' lang='lat' dir='ltr'><strong>ab</strong></span> 
     </span>
     <span class='ocr_line' id='line_1_25' title="bbox 680 1868 2437 1930; baseline 0.001 -17"><span class='ocrx_word' id='word_1_221' title='bbox 680 1868 732 1913; x_wconf 85' lang='lat' dir='ltr'><strong>iis</strong></span> <span class='ocrx_word' id='word_1_222' title='bbox 763 1880 944 1914; x_wconf 86' lang='lat' dir='ltr'><strong>evectam</strong></span> <span class='ocrx_word' id='word_1_223' title='bbox 979 1887 1081 1923; x_wconf 91' lang='lat' dir='ltr'><strong>esse,</strong></span> <span class='ocrx_word' id='word_1_224' title='bbox 1109 1868 1331 1930; x_wconf 89' lang='lat' dir='ltr'><strong>probabile</strong></span> <span class='ocrx_word' id='word_1_225' title='bbox 1365 1881 1427 1914; x_wconf 92' lang='lat' dir='ltr'><strong>est</strong></span> <span class='ocrx_word' id='word_1_226' title='bbox 1460 1869 1710 1927; x_wconf 91' lang='lat' dir='ltr'><strong>(Wachsm.</strong></span> <span class='ocrx_word' id='word_1_227' title='bbox 1731 1869 1785 1920; x_wconf 92' lang='lat' dir='ltr'><strong>Il,</strong></span> <span class='ocrx_word' id='word_1_228' title='bbox 1820 1868 1859 1918; x_wconf 92' lang='lat'><strong>1,</strong></span> <span class='ocrx_word' id='word_1_229' title='bbox 1885 1868 1991 1927; x_wconf 87' lang='lat'><strong>88..)</strong></span> <span class='ocrx_word' id='word_1_230' title='bbox 2054 1868 2213 1912; x_wconf 89' lang='lat' dir='ltr'><strong>Eadem</strong></span> <span class='ocrx_word' id='word_1_231' title='bbox 2257 1869 2343 1914; x_wconf 90' lang='lat' dir='ltr'><strong>Sila</strong></span> <span class='ocrx_word' id='word_1_232' title='bbox 2385 1870 2437 1914; x_wconf 87' lang='lat' dir='ltr'><strong>iis</strong></span> 
     </span>
     <span class='ocr_line' id='line_1_26' title="bbox 681 1928 2437 1993; baseline 0.001 -18"><span class='ocrx_word' id='word_1_233' title='bbox 681 1949 767 1976; x_wconf 90' lang='lat' dir='ltr'><strong>non</strong></span> <span class='ocrx_word' id='word_1_234' title='bbox 792 1931 928 1976; x_wconf 89' lang='lat' dir='ltr'><strong>solum</strong></span> <span class='ocrx_word' id='word_1_235' title='bbox 961 1932 1174 1976; x_wconf 87' lang='lat' dir='ltr'><strong>materiem</strong></span> <span class='ocrx_word' id='word_1_236' title='bbox 1198 1932 1406 1993; x_wconf 88' lang='lat' dir='ltr'><strong>praestitit</strong></span> <span class='ocrx_word' id='word_1_237' title='bbox 1431 1931 1599 1976; x_wconf 84' lang='lat' dir='ltr'><strong>navium</strong></span> <span class='ocrx_word' id='word_1_238' title='bbox 1629 1928 1985 1975; x_wconf 85' lang='lat' dir='ltr'><strong>aedificandarum</strong></span> <span class='ocrx_word' id='word_1_239' title='bbox 2010 1931 2064 1987; x_wconf 87' lang='lat' dir='ltr'><strong>(v.</strong></span> <span class='ocrx_word' id='word_1_240' title='bbox 2085 1929 2249 1974; x_wconf 87' lang='lat' dir='ltr'><strong>Bartels</strong></span> <span class='ocrx_word' id='word_1_241' title='bbox 2267 1934 2437 1990; x_wconf 81' lang='lat' dir='ltr'><strong>Brieje</strong></span> 
     </span>
     <span class='ocr_line' id='line_1_27' title="bbox 681 1991 2435 2052; baseline 0.001 -17"><span class='ocrx_word' id='word_1_242' title='bbox 681 1995 792 2036; x_wconf 73' lang='lat' dir='ltr'><strong>iiber</strong></span> <span class='ocrx_word' id='word_1_243' title='bbox 828 1995 1075 2036; x_wconf 82' lang='lat' dir='ltr'><strong>Calabrien</strong></span> <span class='ocrx_word' id='word_1_244' title='bbox 1104 1998 1202 2036; x_wconf 84' lang='lat' dir='ltr'><strong>und</strong></span> <span class='ocrx_word' id='word_1_245' title='bbox 1235 1997 1430 2037; x_wconf 81' lang='lat' dir='ltr'><strong>Sicilien.</strong></span> <span class='ocrx_word' id='word_1_246' title='bbox 1462 2004 1487 2036; x_wconf 83' lang='lat' dir='ltr'><strong>t.</strong></span> <span class='ocrx_word' id='word_1_247' title='bbox 1505 1996 1538 2045; x_wconf 91' lang='lat'><strong>1,</strong></span> <span class='ocrx_word' id='word_1_248' title='bbox 1566 2010 1605 2052; x_wconf 94' lang='lat' dir='ltr'><strong>p.</strong></span> <span class='ocrx_word' id='word_1_249' title='bbox 1618 1992 1770 2049; x_wconf 63' lang='lat'><strong>286),</strong></span> <span class='ocrx_word' id='word_1_250' title='bbox 1803 1991 1879 2033; x_wconf 88' lang='lat' dir='ltr'><strong>sed</strong></span> <span class='ocrx_word' id='word_1_251' title='bbox 1902 1991 2024 2033; x_wconf 88' lang='lat' dir='ltr'><strong>etiam</strong></span> <span class='ocrx_word' id='word_1_252' title='bbox 2059 1991 2115 2035; x_wconf 88' lang='lat' dir='ltr'><strong>ita</strong></span> <span class='ocrx_word' id='word_1_253' title='bbox 2147 1991 2273 2049; x_wconf 82' lang='lat' dir='ltr'><strong>lignis</strong></span> <span class='ocrx_word' id='word_1_254' title='bbox 2300 1993 2435 2036; x_wconf 88' lang='lat' dir='ltr'><strong>abun-</strong></span> 
     </span>
     <span class='ocr_line' id='line_1_28' title="bbox 680 2051 2435 2114; baseline 0.001 -17"><span class='ocrx_word' id='word_1_255' title='bbox 680 2053 782 2098; x_wconf 88' lang='lat' dir='ltr'><strong>dare</strong></span> <span class='ocrx_word' id='word_1_256' title='bbox 816 2053 941 2097; x_wconf 86' lang='lat' dir='ltr'><strong>tradit</strong></span> <span class='ocrx_word' id='word_1_257' title='bbox 972 2053 1231 2097; x_wconf 90' lang='lat' dir='ltr'><strong>Riedeselius</strong></span> <span class='ocrx_word' id='word_1_258' title='bbox 1261 2054 1321 2114; x_wconf 92' lang='lat' dir='ltr'><strong>(p.</strong></span> <span class='ocrx_word' id='word_1_259' title='bbox 1347 2055 1469 2112; x_wconf 85' lang='lat'><strong>193.)</strong></span> <span class='ocrx_word' id='word_1_260' title='bbox 1500 2064 1663 2097; x_wconf 89' lang='lat' dir='ltr'><strong>montes</strong></span> <span class='ocrx_word' id='word_1_261' title='bbox 1696 2051 1875 2097; x_wconf 84' lang='lat' dir='ltr'><strong>Thuriis</strong></span> <span class='ocrx_word' id='word_1_262' title='bbox 1907 2051 2086 2105; x_wconf 86' lang='lat' dir='ltr'><strong>vicinos,</strong></span> <span class='ocrx_word' id='word_1_263' title='bbox 2132 2063 2178 2096; x_wconf 87' lang='lat' dir='ltr'><strong>ut</strong></span> <span class='ocrx_word' id='word_1_264' title='bbox 2225 2055 2435 2112; x_wconf 83' lang='lat' dir='ltr'><strong>exportari</strong></span> 
     </span>
     <span class='ocr_line' id='line_1_29' title="bbox 680 2113 2435 2177; baseline 0.002 -19"><span class='ocrx_word' id='word_1_265' title='bbox 680 2115 749 2159; x_wconf 83' lang='lat' dir='ltr'><strong>itta</strong></span> <span class='ocrx_word' id='word_1_266' title='bbox 781 2116 957 2174; x_wconf 88' lang='lat' dir='ltr'><strong>possint.</strong></span> <span class='ocrx_word' id='word_1_267' title='bbox 1017 2115 1086 2159; x_wconf 88' lang='lat' dir='ltr'><strong>Ad</strong></span> <span class='ocrx_word' id='word_1_268' title='bbox 1116 2116 1405 2174; x_wconf 85' lang='lat' dir='ltr'><strong>navigaturam</strong></span> <span class='ocrx_word' id='word_1_269' title='bbox 1440 2115 1628 2176; x_wconf 91' lang='lat' dir='ltr'><strong>delphini</strong></span> <span class='ocrx_word' id='word_1_270' title='bbox 1671 2130 1839 2175; x_wconf 91' lang='lat' dir='ltr'><strong>quoque</strong></span> <span class='ocrx_word' id='word_1_271' title='bbox 1885 2124 2074 2174; x_wconf 86' lang='lat' dir='ltr'><strong>spectare</strong></span> <span class='ocrx_word' id='word_1_272' title='bbox 2105 2113 2324 2169; x_wconf 89' lang='lat' dir='ltr'><strong>videntur,</strong></span> <span class='ocrx_word' id='word_1_273' title='bbox 2361 2116 2435 2177; x_wconf 90' lang='lat' dir='ltr'><strong>qui</strong></span> 
     </span>
     <span class='ocr_line' id='line_1_30' title="bbox 678 2175 2432 2237; baseline 0.001 -16"><span class='ocrx_word' id='word_1_274' title='bbox 678 2176 835 2236; x_wconf 89' lang='lat' dir='ltr'><strong>passim</strong></span> <span class='ocrx_word' id='word_1_275' title='bbox 859 2177 902 2219; x_wconf 89' lang='lat' dir='ltr'><strong>in</strong></span> <span class='ocrx_word' id='word_1_276' title='bbox 930 2177 1070 2220; x_wconf 90' lang='lat' dir='ltr'><strong>numis</strong></span> <span class='ocrx_word' id='word_1_277' title='bbox 1098 2188 1196 2221; x_wconf 91' lang='lat' dir='ltr'><strong>sunt</strong></span> <span class='ocrx_word' id='word_1_278' title='bbox 1214 2177 1443 2237; x_wconf 86' lang='lat' dir='ltr'><strong>conspicui,</strong></span> <span class='ocrx_word' id='word_1_279' title='bbox 1472 2189 1510 2221; x_wconf 87' lang='lat' dir='ltr'><strong>et</strong></span> <span class='ocrx_word' id='word_1_280' title='bbox 1536 2194 1689 2221; x_wconf 90' lang='lat' dir='ltr'><strong>ancora</strong></span> <span class='ocrx_word' id='word_1_281' title='bbox 1714 2179 1801 2235; x_wconf 92' lang='lat' dir='ltr'><strong>(ap.</strong></span> <span class='ocrx_word' id='word_1_282' title='bbox 1815 2175 2043 2219; x_wconf 86' lang='lat' dir='ltr'><strong>Raschium</strong></span> <span class='ocrx_word' id='word_1_283' title='bbox 2064 2192 2105 2235; x_wconf 89' lang='lat' dir='ltr'><strong>p.</strong></span> <span class='ocrx_word' id='word_1_284' title='bbox 2123 2177 2257 2220; x_wconf 84' lang='lat'><strong>1155.</strong></span> <span class='ocrx_word' id='word_1_285' title='bbox 2274 2194 2315 2221; x_wconf 93' lang='lat' dir='ltr'><strong>n.</strong></span> <span class='ocrx_word' id='word_1_286' title='bbox 2331 2179 2432 2235; x_wconf 90' lang='grc'><strong>19.).</strong></span> 
     </span>
    </p>

    <p class='ocr_par' dir='ltr' id='par_1_4' title="bbox 678 2237 2436 2551">
     <span class='ocr_line' id='line_1_31' title="bbox 804 2237 2436 2300; baseline 0.001 -19"><span class='ocrx_word' id='word_1_287' title='bbox 804 2237 919 2281; x_wconf 90' lang='lat' dir='ltr'><strong>Artis</strong></span> <span class='ocrx_word' id='word_1_288' title='bbox 950 2237 1125 2283; x_wconf 90' lang='lat' dir='ltr'><strong>bellicae</strong></span> <span class='ocrx_word' id='word_1_289' title='bbox 1157 2238 1316 2283; x_wconf 85' lang='lat' dir='ltr'><strong>Thurii</strong></span> <span class='ocrx_word' id='word_1_290' title='bbox 1347 2238 1475 2300; x_wconf 92' lang='lat' dir='ltr'><strong>paulo</strong></span> <span class='ocrx_word' id='word_1_291' title='bbox 1518 2249 1613 2300; x_wconf 90' lang='lat' dir='ltr'><strong>post</strong></span> <span class='ocrx_word' id='word_1_292' title='bbox 1656 2238 1858 2283; x_wconf 88' lang='lat' dir='ltr'><strong>civitatem</strong></span> <span class='ocrx_word' id='word_1_293' title='bbox 1889 2237 2099 2282; x_wconf 90' lang='lat' dir='ltr'><strong>conditam</strong></span> <span class='ocrx_word' id='word_1_294' title='bbox 2132 2238 2267 2298; x_wconf 91' lang='lat' dir='ltr'><strong>perito</strong></span> <span class='ocrx_word' id='word_1_295' title='bbox 2300 2240 2436 2299; x_wconf 82' lang='lat' dir='ltr'><strong>magi-</strong></span> 
     </span>
     <span class='ocr_line' id='line_1_32' title="bbox 680 2299 2434 2361; baseline 0.001 -17"><span class='ocrx_word' id='word_1_296' title='bbox 680 2310 767 2344; x_wconf 87' lang='lat' dir='ltr'><strong>stro</strong></span> <span class='ocrx_word' id='word_1_297' title='bbox 800 2299 1054 2345; x_wconf 88' lang='lat' dir='ltr'><strong>Cleandrida</strong></span> <span class='ocrx_word' id='word_1_298' title='bbox 1087 2300 1153 2345; x_wconf 94' lang='lat' dir='ltr'><strong>usi</strong></span> <span class='ocrx_word' id='word_1_299' title='bbox 1186 2312 1297 2354; x_wconf 89' lang='lat' dir='ltr'><strong>sunt,</strong></span> <span class='ocrx_word' id='word_1_300' title='bbox 1330 2302 1451 2361; x_wconf 90' lang='lat' dir='ltr'><strong>cujus</strong></span> <span class='ocrx_word' id='word_1_301' title='bbox 1486 2300 1716 2346; x_wconf 85' lang='lat' dir='ltr'><strong>dexteritati</strong></span> <span class='ocrx_word' id='word_1_302' title='bbox 1749 2300 1794 2344; x_wconf 90' lang='lat' dir='ltr'><strong>in</strong></span> <span class='ocrx_word' id='word_1_303' title='bbox 1827 2299 1915 2344; x_wconf 88' lang='lat' dir='ltr'><strong>acie</strong></span> <span class='ocrx_word' id='word_1_304' title='bbox 1943 2300 2192 2344; x_wconf 81' lang='lat' dir='ltr'><strong>exstruenda</strong></span> <span class='ocrx_word' id='word_1_305' title='bbox 2223 2299 2434 2345; x_wconf 84' lang='lat' dir='ltr'><strong>locorum-</strong></span> 
     </span>
     <span class='ocr_line' id='line_1_33' title="bbox 679 2361 2434 2424; baseline 0.002 -19"><span class='ocrx_word' id='word_1_306' title='bbox 679 2379 761 2422; x_wconf 88' lang='lat' dir='ltr'><strong>que</strong></span> <span class='ocrx_word' id='word_1_307' title='bbox 800 2361 971 2421; x_wconf 88' lang='lat' dir='ltr'><strong>ingenio</strong></span> <span class='ocrx_word' id='word_1_308' title='bbox 1009 2362 1169 2407; x_wconf 88' lang='lat' dir='ltr'><strong>utendo</strong></span> <span class='ocrx_word' id='word_1_309' title='bbox 1202 2364 1404 2424; x_wconf 87' lang='lat' dir='ltr'><strong>probatae</strong></span> <span class='ocrx_word' id='word_1_310' title='bbox 1449 2362 1675 2409; x_wconf 89' lang='lat' dir='ltr'><strong>nonnullas</strong></span> <span class='ocrx_word' id='word_1_311' title='bbox 1713 2362 1766 2406; x_wconf 87' lang='lat' dir='ltr'><strong>de</strong></span> <span class='ocrx_word' id='word_1_312' title='bbox 1808 2362 1991 2407; x_wconf 92' lang='lat' dir='ltr'><strong>Lucanis</strong></span> <span class='ocrx_word' id='word_1_313' title='bbox 2035 2362 2229 2407; x_wconf 86' lang='lat' dir='ltr'><strong>victorias</strong></span> <span class='ocrx_word' id='word_1_314' title='bbox 2275 2363 2434 2409; x_wconf 88' lang='lat' dir='ltr'><strong>debue-</strong></span> 
     </span>
     <span class='ocr_line' id='line_1_34' title="bbox 679 2423 2433 2487; baseline 0.002 -19"><span class='ocrx_word' id='word_1_315' title='bbox 679 2434 800 2469; x_wconf 90' lang='lat' dir='ltr'><strong>runt:</strong></span> <span class='ocrx_word' id='word_1_316' title='bbox 845 2442 880 2468; x_wconf 88' lang='lat' dir='ltr'><strong>v.</strong></span> <span class='ocrx_word' id='word_1_317' title='bbox 906 2423 1103 2487; x_wconf 91' lang='lat' dir='ltr'><strong>Polyaen.</strong></span> <span class='ocrx_word' id='word_1_318' title='bbox 1136 2425 1390 2485; x_wconf 82' lang='lat' dir='ltr'><strong>Strateg,11,</strong></span> <span class='ocrx_word' id='word_1_319' title='bbox 1426 2428 1496 2480; x_wconf 87' lang='lat'><strong>10,</strong></span> <span class='ocrx_word' id='word_1_320' title='bbox 1528 2430 1570 2471; x_wconf 83' lang='lat'><strong>2.</strong></span> <span class='ocrx_word' id='word_1_321' title='bbox 1589 2426 1633 2471; x_wconf 86' lang='grc'><strong>4.</strong></span> <span class='ocrx_word' id='word_1_322' title='bbox 1652 2426 1763 2481; x_wconf 83' lang='lat'><strong>5.2).</strong></span> <span class='ocrx_word' id='word_1_323' title='bbox 1837 2425 1887 2470; x_wconf 90' lang='lat' dir='ltr'><strong>ln</strong></span> <span class='ocrx_word' id='word_1_324' title='bbox 1932 2423 2042 2469; x_wconf 89' lang='lat' dir='ltr'><strong>bello</strong></span> <span class='ocrx_word' id='word_1_325' title='bbox 2074 2424 2433 2485; x_wconf 89' lang='lat' dir='ltr'><strong>Peloponnesiaco</strong></span> 
     </span>
     <span class='ocr_line' id='line_1_35' title="bbox 678 2487 2434 2551; baseline 0.001 -18"><span class='ocrx_word' id='word_1_326' title='bbox 678 2487 869 2533; x_wconf 86' lang='lat' dir='ltr'><strong>Thurios</strong></span> <span class='ocrx_word' id='word_1_327' title='bbox 902 2487 1084 2533; x_wconf 85' lang='lat' dir='ltr'><strong>vidimus</strong></span> <span class='ocrx_word' id='word_1_328' title='bbox 1110 2488 1440 2534; x_wconf 86' lang='lat' dir='ltr'><strong>Atheniensibus</strong></span> <span class='ocrx_word' id='word_1_329' title='bbox 1472 2489 1583 2535; x_wconf 91' lang='lat' dir='ltr'><strong>DCC</strong></span> <span class='ocrx_word' id='word_1_330' title='bbox 1607 2488 1768 2551; x_wconf 90' lang='lat' dir='ltr'><strong>pedites</strong></span> <span class='ocrx_word' id='word_1_331' title='bbox 1798 2487 1935 2547; x_wconf 86' lang='lat' dir='ltr'><strong>gravis</strong></span> <span class='ocrx_word' id='word_1_332' title='bbox 1960 2498 2208 2542; x_wconf 86' lang='lat' dir='ltr'><strong>armaturae,</strong></span> <span class='ocrx_word' id='word_1_333' title='bbox 2239 2487 2341 2533; x_wconf 92' lang='lat' dir='ltr'><strong>CCC</strong></span> <span class='ocrx_word' id='word_1_334' title='bbox 2367 2489 2434 2551; x_wconf 88' lang='lat' dir='ltr'><strong>ja-</strong></span> 
     </span>
    </p>
   </div>
   <div class='ocr_carea' id='block_1_3' title="bbox 675 2615 2433 2926">
    <p class='ocr_par' dir='ltr' id='par_1_5' title="bbox 675 2615 2433 2926">
     <span class='ocr_line' id='line_1_36' title="bbox 784 2615 2433 2670; baseline -0.001 -14"><span class='ocrx_word' id='word_1_335' title='bbox 784 2615 825 2664; x_wconf 86' lang='lat'><strong>1)</strong></span> <span class='ocrx_word' id='word_1_336' title='bbox 864 2617 1133 2670; x_wconf 76' lang='grc' dir='ltr'><strong><em>Î Î±Î½á½µÎ³Ï…ÏÎ¹Î½,</em></strong></span> <span class='ocrx_word' id='word_1_337' title='bbox 1170 2632 1267 2668; x_wconf 83' lang='lat' dir='ltr'><strong>quae</strong></span> <span class='ocrx_word' id='word_1_338' title='bbox 1304 2618 1441 2657; x_wconf 69' lang='lat' dir='ltr'><strong>foedus</strong></span> <span class='ocrx_word' id='word_1_339' title='bbox 1473 2619 1709 2665; x_wconf 79' lang='lat' dir='ltr'><strong>Italiotarum</strong></span> <span class='ocrx_word' id='word_1_340' title='bbox 1749 2624 1880 2656; x_wconf 82' lang='lat' dir='ltr'><strong>contra</strong></span> <span class='ocrx_word' id='word_1_341' title='bbox 1919 2616 2153 2667; x_wconf 79' lang='lat' dir='ltr'><strong>Dionysium</strong></span> <span class='ocrx_word' id='word_1_342' title='bbox 2187 2624 2225 2655; x_wconf 87' lang='lat' dir='ltr'><strong>et</strong></span> <span class='ocrx_word' id='word_1_343' title='bbox 2254 2615 2433 2655; x_wconf 73' lang='lat' dir='ltr'><strong>Lucanos</strong></span> 
     </span>
     <span class='ocr_line' id='line_1_37' title="bbox 678 2666 2432 2721; baseline -0.002 -14"><span class='ocrx_word' id='word_1_344' title='bbox 678 2666 740 2707; x_wconf 89' lang='lat'><strong>01.</strong></span> <span class='ocrx_word' id='word_1_345' title='bbox 767 2668 909 2715; x_wconf 86' lang='lat' dir='ltr'>XCVI,</span> <span class='ocrx_word' id='word_1_346' title='bbox 933 2671 970 2707; x_wconf 78' lang='lat'><strong>4.</strong></span> <span class='ocrx_word' id='word_1_347' title='bbox 1004 2671 1255 2720; x_wconf 74' lang='lat' dir='ltr'><strong>compositum</strong></span> <span class='ocrx_word' id='word_1_348' title='bbox 1289 2679 1463 2721; x_wconf 85' lang='lat' dir='ltr'><strong>tempore</strong></span> <span class='ocrx_word' id='word_1_349' title='bbox 1505 2683 1583 2708; x_wconf 89' lang='lat' dir='ltr'><strong>non</strong></span> <span class='ocrx_word' id='word_1_350' title='bbox 1625 2669 1777 2709; x_wconf 85' lang='lat' dir='ltr'><strong>videtur</strong></span> <span class='ocrx_word' id='word_1_351' title='bbox 1811 2668 2047 2707; x_wconf 75' lang='lat' dir='ltr'><strong>antecedere.</strong></span> <span class='ocrx_word' id='word_1_352' title='bbox 2098 2669 2159 2706; x_wconf 84' lang='lat' dir='ltr'><strong>Cf.</strong></span> <span class='ocrx_word' id='word_1_353' title='bbox 2184 2668 2304 2707; x_wconf 87' lang='lat' dir='ltr'><strong>Diod.</strong></span> <span class='ocrx_word' id='word_1_354' title='bbox 2324 2668 2432 2714; x_wconf 85' lang='lat' dir='ltr'><strong>XIV,</strong></span> 
     </span>
     <span class='ocr_line' id='line_1_38' title="bbox 677 2724 2428 2823; baseline -0.003 -14"><span class='ocrx_word' id='word_1_355' title='bbox 677 2724 742 2758; x_wconf 47' lang='grc'><strong>91.</strong></span> <span class='ocrx_word' id='word_1_356' title='bbox 772 2724 1160 2823; x_wconf 51' lang='lat' dir='ltr'><strong>Â¹2())Â¹Î‡Al)o[)htliegma</strong></span> <span class='ocrx_word' id='word_1_357' title='bbox 1190 2772 1377 2823; x_wconf 88' lang='lat' dir='ltr'><strong>Spartano</strong></span> <span class='ocrx_word' id='word_1_358' title='bbox 1413 2775 1509 2812; x_wconf 89' lang='lat' dir='ltr'><strong>duce</strong></span> <span class='ocrx_word' id='word_1_359' title='bbox 1544 2772 1758 2821; x_wconf 77' lang='lat' dir='ltr'><strong>indignius,</strong></span> <span class='ocrx_word' id='word_1_360' title='bbox 1795 2772 1894 2821; x_wconf 80' lang='lat' dir='ltr'><strong>pelle</strong></span> <span class='ocrx_word' id='word_1_361' title='bbox 1929 2771 2090 2821; x_wconf 76' lang='lat' dir='ltr'><strong>vulpina</strong></span> <span class='ocrx_word' id='word_1_362' title='bbox 2123 2770 2309 2808; x_wconf 87' lang='lat' dir='ltr'><strong>utendum</strong></span> <span class='ocrx_word' id='word_1_363' title='bbox 2335 2780 2428 2814; x_wconf 78' lang='lat' dir='ltr'><strong>esse,</strong></span> 
     </span>
     <span class='ocr_line' id='line_1_39' title="bbox 675 2823 2426 2874; baseline -0.002 -12"><span class='ocrx_word' id='word_1_364' title='bbox 675 2824 744 2863; x_wconf 87' lang='lat' dir='ltr'><strong>ubi</strong></span> <span class='ocrx_word' id='word_1_365' title='bbox 770 2825 925 2862; x_wconf 88' lang='lat' dir='ltr'><strong>leonina</strong></span> <span class='ocrx_word' id='word_1_366' title='bbox 952 2836 1029 2861; x_wconf 89' lang='lat' dir='ltr'><strong>non</strong></span> <span class='ocrx_word' id='word_1_367' title='bbox 1060 2823 1239 2872; x_wconf 70' lang='lat' dir='ltr'><strong>sufficiat,</strong></span> <span class='ocrx_word' id='word_1_368' title='bbox 1262 2829 1340 2873; x_wconf 86' lang='lat' dir='ltr'><strong>jam</strong></span> <span class='ocrx_word' id='word_1_369' title='bbox 1369 2826 1621 2865; x_wconf 80' lang='lat' dir='ltr'><strong>Cleandridae</strong></span> <span class='ocrx_word' id='word_1_370' title='bbox 1648 2824 1832 2863; x_wconf 84' lang='lat' dir='ltr'><strong>tribuitur</strong></span> <span class='ocrx_word' id='word_1_371' title='bbox 1854 2824 2034 2874; x_wconf 84' lang='lat' dir='ltr'><strong>Polyaen.</strong></span> <span class='ocrx_word' id='word_1_372' title='bbox 2047 2824 2074 2862; x_wconf 90' lang='lat'><strong>1.</strong></span> <span class='ocrx_word' id='word_1_373' title='bbox 2089 2823 2116 2861; x_wconf 87' lang='lat'><strong>1.</strong></span> <span class='ocrx_word' id='word_1_374' title='bbox 2142 2823 2203 2862; x_wconf 84' lang='lat' dir='ltr'><strong>cf.</strong></span> <span class='ocrx_word' id='word_1_375' title='bbox 2223 2823 2325 2860; x_wconf 77' lang='lat' dir='ltr'><strong>Plut.</strong></span> <span class='ocrx_word' id='word_1_376' title='bbox 2346 2832 2426 2870; x_wconf 80' lang='lat' dir='ltr'><strong>reg.</strong></span> 
     </span>
     <span class='ocr_line' id='line_1_40' title="bbox 675 2877 1196 2926; baseline 0 -12"><span class='ocrx_word' id='word_1_377' title='bbox 675 2877 834 2926; x_wconf 81' lang='lat' dir='ltr'><strong>apoptb.</strong></span> <span class='ocrx_word' id='word_1_378' title='bbox 863 2889 903 2926; x_wconf 86' lang='lat' dir='ltr'><strong>p.</strong></span> <span class='ocrx_word' id='word_1_379' title='bbox 925 2879 1013 2914; x_wconf 83' lang='lat'><strong>127.</strong></span> <span class='ocrx_word' id='word_1_380' title='bbox 1034 2877 1196 2914; x_wconf 84' lang='lat' dir='ltr'><strong>Hutten.</strong></span> 
     </span>
    </p>
   </div>
  </div>
 </body>
</html>
