<?xml version="1.0" encoding="UTF-8"?>
<!DOCTYPE html PUBLIC "-//W3C//DTD XHTML 1.0 Transitional//EN"
    "http://www.w3.org/TR/xhtml1/DTD/xhtml1-transitional.dtd">
<html xmlns="http://www.w3.org/1999/xhtml" xml:lang="en" lang="en">
 <head>
  <title>
</title>
<meta http-equiv="Content-Type" content="text/html;charset=utf-8" />
  <meta name='ocr-system' content='tesseract 3.04.00' />
  <meta name='ocr-capabilities' content='ocr_page ocr_carea ocr_par ocr_line ocrx_word'/>
</head>
<body>
  <div class='ocr_page' id='page_1' title='image "4769322_0041.png"; bbox 0 0 2960 3733; ppageno 0'>
   <div class='ocr_carea' id='block_1_1' title="bbox 1298 311 1367 356">
    <p class='ocr_par' dir='ltr' id='par_1_1' title="bbox 1298 311 1367 356">
     <span class='ocr_line' id='line_1_1' title="bbox 1298 311 1367 356; baseline 0.014 -1"><span class='ocrx_word' id='word_1_1' title='bbox 1298 311 1367 356; x_wconf 72' lang='lat'>25</span> 
     </span>
    </p>
   </div>
   <div class='ocr_carea' id='block_1_2' title="bbox 441 424 2215 2680">
    <p class='ocr_par' dir='ltr' id='par_1_2' title="bbox 441 424 2215 2680">
     <span class='ocr_line' id='line_1_2' title="bbox 457 424 2213 487; baseline -0.001 -15"><span class='ocrx_word' id='word_1_2' title='bbox 457 427 501 472; x_wconf 87' lang='lat' dir='ltr'>in</span> <span class='ocrx_word' id='word_1_3' title='bbox 530 426 691 487; x_wconf 81' lang='lat' dir='ltr'>&#39;quibus</span> <span class='ocrx_word' id='word_1_4' title='bbox 724 425 950 486; x_wconf 82' lang='lat' dir='ltr'>praecipue</span> <span class='ocrx_word' id='word_1_5' title='bbox 985 424 1262 471; x_wconf 76' lang='lat' dir='ltr'>Athenienses</span> <span class='ocrx_word' id='word_1_6' title='bbox 1295 424 1449 471; x_wconf 87' lang='lat' dir='ltr'>multos</span> <span class='ocrx_word' id='word_1_7' title='bbox 1482 425 1635 477; x_wconf 84' lang='lat' dir='ltr'>fuisse,</span> <span class='ocrx_word' id='word_1_8' title='bbox 1676 424 1747 485; x_wconf 88' lang='lat' dir='ltr'>qui</span> <span class='ocrx_word' id='word_1_9' title='bbox 1780 424 1842 469; x_wconf 85' lang='lat' dir='ltr'>vel</span> <span class='ocrx_word' id='word_1_10' title='bbox 1875 426 2106 487; x_wconf 86' lang='lat' dir='ltr'>potentiam</span> <span class='ocrx_word' id='word_1_11' title='bbox 2134 430 2213 471; x_wconf 88' lang='lat' dir='ltr'>Pe-</span> 
     </span>
     <span class='ocr_line' id='line_1_3' title="bbox 454 487 2215 551; baseline 0 -16"><span class='ocrx_word' id='word_1_12' title='bbox 454 489 570 536; x_wconf 86' lang='lat' dir='ltr'>riclis</span> <span class='ocrx_word' id='word_1_13' title='bbox 604 487 667 533; x_wconf 83' lang='lat' dir='ltr'>vel</span> <span class='ocrx_word' id='word_1_14' title='bbox 696 488 913 550; x_wconf 84' lang='lat' dir='ltr'>popularis</span> <span class='ocrx_word' id='word_1_15' title='bbox 954 489 1116 551; x_wconf 88' lang='lat' dir='ltr'>imperii</span> <span class='ocrx_word' id='word_1_16' title='bbox 1149 491 1233 551; x_wconf 83' lang='lat' dir='ltr'>jam</span> <span class='ocrx_word' id='word_1_17' title='bbox 1277 489 1447 533; x_wconf 79' lang='lat' dir='ltr'>nimiam</span> <span class='ocrx_word' id='word_1_18' title='bbox 1491 487 1699 533; x_wconf 73' lang='lat' dir='ltr'>licentiam</span> <span class='ocrx_word' id='word_1_19' title='bbox 1743 489 2078 543; x_wconf 82' lang='lat' dir='ltr'>extimescerent,</span> <span class='ocrx_word' id='word_1_20' title='bbox 2117 507 2215 534; x_wconf 86' lang='lat' dir='ltr'>sen-</span> 
     </span>
     <span class='ocr_line' id='line_1_4' title="bbox 455 550 2211 613; baseline 0.001 -15"><span class='ocrx_word' id='word_1_21' title='bbox 455 553 585 598; x_wconf 84' lang='lat' dir='ltr'>tentia</span> <span class='ocrx_word' id='word_1_22' title='bbox 631 563 691 596; x_wconf 92' lang='lat' dir='ltr'>est</span> <span class='ocrx_word' id='word_1_23' title='bbox 732 552 900 611; x_wconf 83' lang='lat' dir='ltr'>Bergkii</span> <span class='ocrx_word' id='word_1_24' title='bbox 940 554 1166 598; x_wconf 80' lang='lat' dir='ltr'>verissima.</span> <span class='ocrx_word' id='word_1_25' title='bbox 1249 553 1448 613; x_wconf 79' lang='lat' dir='ltr'>Inprimis</span> <span class='ocrx_word' id='word_1_26' title='bbox 1490 550 1750 596; x_wconf 80' lang='lat' dir='ltr'>Alcibiadem</span> <span class='ocrx_word' id='word_1_27' title='bbox 1797 552 1951 598; x_wconf 85' lang='lat' dir='ltr'>tributa</span> <span class='ocrx_word' id='word_1_28' title='bbox 1997 553 2211 599; x_wconf 87' lang='lat' dir='ltr'>sociorum</span> 
     </span>
     <span class='ocr_line' id='line_1_5' title="bbox 455 614 2210 676; baseline 0 -15"><span class='ocrx_word' id='word_1_29' title='bbox 455 625 772 676; x_wconf 81' lang='lat' dir='ltr'>exaggerantem</span> <span class='ocrx_word' id='word_1_30' title='bbox 802 615 952 661; x_wconf 91' lang='lat' dir='ltr'>horum</span> <span class='ocrx_word' id='word_1_31' title='bbox 995 616 1136 661; x_wconf 88' lang='lat' dir='ltr'>multis</span> <span class='ocrx_word' id='word_1_32' title='bbox 1179 632 1346 660; x_wconf 86' lang='lat' dir='ltr'>causam</span> <span class='ocrx_word' id='word_1_33' title='bbox 1390 615 1519 658; x_wconf 88' lang='lat' dir='ltr'>fuisse</span> <span class='ocrx_word' id='word_1_34' title='bbox 1560 614 1742 658; x_wconf 86' lang='lat' dir='ltr'>Thurios</span> <span class='ocrx_word' id='word_1_35' title='bbox 1781 616 1993 675; x_wconf 82' lang='lat' dir='ltr'>migrandi</span> <span class='ocrx_word' id='word_1_36' title='bbox 2035 628 2210 662; x_wconf 87' lang='lat' dir='ltr'>testatur</span> 
     </span>
     <span class='ocr_line' id='line_1_6' title="bbox 452 678 2207 741; baseline 0.001 -18"><span class='ocrx_word' id='word_1_37' title='bbox 452 680 695 724; x_wconf 88' lang='lat' dir='ltr'>Andocides</span> <span class='ocrx_word' id='word_1_38' title='bbox 728 691 873 724; x_wconf 87' lang='lat' dir='ltr'>contra</span> <span class='ocrx_word' id='word_1_39' title='bbox 905 679 1039 724; x_wconf 87' lang='lat' dir='ltr'>Alcib.</span> <span class='ocrx_word' id='word_1_40' title='bbox 1072 699 1106 726; x_wconf 90' lang='lat' dir='ltr'>c.</span> <span class='ocrx_word' id='word_1_41' title='bbox 1127 681 1197 723; x_wconf 84' lang='lat'>12.</span> <span class='ocrx_word' id='word_1_42' title='bbox 1260 678 1496 722; x_wconf 86' lang='lat' dir='ltr'>Posteriore</span> <span class='ocrx_word' id='word_1_43' title='bbox 1531 689 1716 737; x_wconf 86' lang='lat' dir='ltr'>tempore</span> <span class='ocrx_word' id='word_1_44' title='bbox 1749 680 1891 724; x_wconf 89' lang='lat' dir='ltr'>eadem</span> <span class='ocrx_word' id='word_1_45' title='bbox 1926 680 2207 741; x_wconf 81' lang='lat' dir='ltr'>hospitalitate</span> 
     </span>
     <span class='ocr_line' id='line_1_7' title="bbox 453 741 2205 801; baseline 0.001 -15"><span class='ocrx_word' id='word_1_46' title='bbox 453 742 603 786; x_wconf 82' lang='lat' dir='ltr'>Thurii</span> <span class='ocrx_word' id='word_1_47' title='bbox 635 743 836 788; x_wconf 83' lang='lat' dir='ltr'>Doricum</span> <span class='ocrx_word' id='word_1_48' title='bbox 868 754 907 787; x_wconf 89' lang='lat' dir='ltr'>et</span> <span class='ocrx_word' id='word_1_49' title='bbox 939 742 1234 787; x_wconf 88' lang='lat' dir='ltr'>Pisirrhodum</span> <span class='ocrx_word' id='word_1_50' title='bbox 1276 741 1468 785; x_wconf 88' lang='lat' dir='ltr'>Rhodios</span> <span class='ocrx_word' id='word_1_51' title='bbox 1498 750 1747 801; x_wconf 76' lang='lat' dir='ltr'>exceperunt</span> <span class='ocrx_word' id='word_1_52' title='bbox 1779 744 1832 795; x_wconf 86' lang='lat' dir='ltr'>(v.</span> <span class='ocrx_word' id='word_1_53' title='bbox 1857 742 2008 800; x_wconf 77' lang='lat' dir='ltr'>infra);</span> <span class='ocrx_word' id='word_1_54' title='bbox 2052 743 2205 788; x_wconf 89' lang='lat' dir='ltr'>deinde</span> 
     </span>
     <span class='ocr_line' id='line_1_8' title="bbox 451 802 2204 869; baseline 0.001 -20"><span class='ocrx_word' id='word_1_55' title='bbox 451 805 667 866; x_wconf 89' lang='lat' dir='ltr'>Leptinem</span> <span class='ocrx_word' id='word_1_56' title='bbox 712 817 751 850; x_wconf 91' lang='lat' dir='ltr'>et</span> <span class='ocrx_word' id='word_1_57' title='bbox 786 805 1032 858; x_wconf 85' lang='lat' dir='ltr'>Philistum,</span> <span class='ocrx_word' id='word_1_58' title='bbox 1081 822 1104 848; x_wconf 92' lang='lat' dir='ltr'>a</span> <span class='ocrx_word' id='word_1_59' title='bbox 1148 804 1354 869; x_wconf 83' lang='lat' dir='ltr'>Dionysio</span> <span class='ocrx_word' id='word_1_60' title='bbox 1397 803 1618 868; x_wconf 87' lang='lat' dir='ltr'>Syracusis</span> <span class='ocrx_word' id='word_1_61' title='bbox 1663 802 1807 863; x_wconf 93' lang='lat' dir='ltr'>pulsos</span> <span class='ocrx_word' id='word_1_62' title='bbox 1851 804 1917 849; x_wconf 91' lang='lat' dir='ltr'>Ol.</span> <span class='ocrx_word' id='word_1_63' title='bbox 1943 806 2130 858; x_wconf 83' lang='lat' dir='ltr'>XCVIII,</span> <span class='ocrx_word' id='word_1_64' title='bbox 2163 810 2204 851; x_wconf 92' lang='grc'>3.</span> 
     </span>
     <span class='ocr_line' id='line_1_9' title="bbox 450 867 2207 928; baseline 0.001 -16"><span class='ocrx_word' id='word_1_65' title='bbox 450 869 614 928; x_wconf 86' lang='lat' dir='ltr'>Leptini</span> <span class='ocrx_word' id='word_1_66' title='bbox 646 881 731 912; x_wconf 90' lang='lat' dir='ltr'>tum</span> <span class='ocrx_word' id='word_1_67' title='bbox 769 867 999 911; x_wconf 90' lang='lat' dir='ltr'>retulerunt</span> <span class='ocrx_word' id='word_1_68' title='bbox 1035 867 1332 911; x_wconf 89' lang='lat' dir='ltr'>humanitatem</span> <span class='ocrx_word' id='word_1_69' title='bbox 1366 879 1546 928; x_wconf 91' lang='lat' dir='ltr'>quatuor</span> <span class='ocrx_word' id='word_1_70' title='bbox 1576 867 1698 910; x_wconf 87' lang='lat' dir='ltr'>annis</span> <span class='ocrx_word' id='word_1_71' title='bbox 1732 877 1826 910; x_wconf 89' lang='lat' dir='ltr'>ante</span> <span class='ocrx_word' id='word_1_72' title='bbox 1859 867 1910 911; x_wconf 89' lang='lat' dir='ltr'>iis</span> <span class='ocrx_word' id='word_1_73' title='bbox 1942 868 2207 927; x_wconf 83' lang='lat' dir='ltr'>praestitam:</span> 
     </span>
     <span class='ocr_line' id='line_1_10' title="bbox 450 929 2205 983; baseline 0.001 -10"><span class='ocrx_word' id='word_1_74' title='bbox 450 949 485 973; x_wconf 89' lang='lat' dir='ltr'>v.</span> <span class='ocrx_word' id='word_1_75' title='bbox 517 929 644 974; x_wconf 87' lang='lat' dir='ltr'>Diod.</span> <span class='ocrx_word' id='word_1_76' title='bbox 669 931 781 982; x_wconf 86' lang='lat' dir='ltr'>XIV,</span> <span class='ocrx_word' id='word_1_77' title='bbox 809 932 910 976; x_wconf 92' lang='lat'>100.</span> <span class='ocrx_word' id='word_1_78' title='bbox 944 932 1035 983; x_wconf 91' lang='lat' dir='ltr'>XV,</span> <span class='ocrx_word' id='word_1_79' title='bbox 1056 933 1094 977; x_wconf 93' lang='grc'>7.</span> <span class='ocrx_word' id='word_1_80' title='bbox 1168 932 1231 975; x_wconf 90' lang='lat' dir='ltr'>De</span> <span class='ocrx_word' id='word_1_81' title='bbox 1273 930 1515 975; x_wconf 86' lang='lat' dir='ltr'>Plesirrhoo</span> <span class='ocrx_word' id='word_1_82' title='bbox 1549 929 1769 974; x_wconf 85' lang='lat' dir='ltr'>audiamus</span> <span class='ocrx_word' id='word_1_83' title='bbox 1801 929 2085 974; x_wconf 86' lang='lat' dir='ltr'>Ptolemaeum</span> <span class='ocrx_word' id='word_1_84' title='bbox 2119 931 2205 975; x_wconf 88' lang='lat' dir='ltr'>He-</span> 
     </span>
     <span class='ocr_line' id='line_1_11' title="bbox 449 991 2206 1055; baseline 0.002 -19"><span class='ocrx_word' id='word_1_85' title='bbox 449 991 708 1054; x_wconf 88' lang='lat' dir='ltr'>phaestionis</span> <span class='ocrx_word' id='word_1_86' title='bbox 736 992 762 1035; x_wconf 89' lang='lat' dir='ltr'>f.</span> <span class='ocrx_word' id='word_1_87' title='bbox 780 1009 844 1054; x_wconf 91' lang='lat' dir='ltr'>ap.</span> <span class='ocrx_word' id='word_1_88' title='bbox 862 992 1202 1046; x_wconf 84' lang='lat' dir='ltr'>Phot.c0d.190‚</span> <span class='ocrx_word' id='word_1_89' title='bbox 1229 1010 1256 1053; x_wconf 94' lang='lat' dir='ltr'>p</span> <span class='ocrx_word' id='word_1_90' title='bbox 1284 993 1385 1037; x_wconf 80' lang='lat'>148.</span> <span class='ocrx_word' id='word_1_91' title='bbox 1402 993 1595 1037; x_wconf 83' lang='lat' dir='ltr'>Becker.:</span> <span class='ocrx_word' id='word_1_92' title='bbox 1617 991 1896 1055; x_wconf 71' lang='grc' dir='ltr'>Πλησίρῥοος</span> <span class='ocrx_word' id='word_1_93' title='bbox 1920 991 2206 1043; x_wconf 79' lang='grc' dir='ltr'><em>ὅΘεσσαλὸς</em></span> 
     </span>
     <span class='ocr_line' id='line_1_12' title="bbox 448 1051 2205 1119; baseline -0.001 -14"><span class='ocrx_word' id='word_1_94' title='bbox 448 1054 472 1105; x_wconf 78' lang='lat' dir='ltr'>o‘</span> <span class='ocrx_word' id='word_1_95' title='bbox 491 1053 798 1119; x_wconf 69' lang='grc' dir='ltr'><em>ύμνογροὶφος,</em></span> <span class='ocrx_word' id='word_1_96' title='bbox 824 1054 1040 1118; x_wconf 74' lang='grc' dir='ltr'><em>ἐρώμενος</em></span> <span class='ocrx_word' id='word_1_97' title='bbox 1063 1056 1262 1115; x_wconf 66' lang='grc' dir='ltr'>γεγονώς</span> <span class='ocrx_word' id='word_1_98' title='bbox 1277 1051 1519 1117; x_wconf 73' lang='grc' dir='ltr'>Ἡροδότου</span> <span class='ocrx_word' id='word_1_99' title='bbox 1536 1052 1620 1104; x_wconf 69' lang='grc' dir='ltr'>καὶ</span> <span class='ocrx_word' id='word_1_100' title='bbox 1635 1052 1912 1116; x_wconf 73' lang='grc' dir='ltr'>κληρονόμος</span> <span class='ocrx_word' id='word_1_101' title='bbox 1935 1058 2028 1103; x_wconf 77' lang='grc' dir='ltr'>τῶν</span> <span class='ocrx_word' id='word_1_102' title='bbox 2044 1053 2205 1105; x_wconf 75' lang='grc' dir='ltr'>αὐτοῦ.</span> 
     </span>
     <span class='ocr_line' id='line_1_13' title="bbox 575 1120 2201 1183; baseline 0 -18"><span class='ocrx_word' id='word_1_103' title='bbox 575 1121 726 1165; x_wconf 85' lang='lat' dir='ltr'>Thurii</span> <span class='ocrx_word' id='word_1_104' title='bbox 760 1139 888 1183; x_wconf 90' lang='lat' dir='ltr'>quum</span> <span class='ocrx_word' id='word_1_105' title='bbox 919 1139 966 1166; x_wconf 85' lang='lat' dir='ltr'>ex</span> <span class='ocrx_word' id='word_1_106' title='bbox 999 1132 1083 1166; x_wconf 86' lang='lat' dir='ltr'>tota</span> <span class='ocrx_word' id='word_1_107' title='bbox 1111 1121 1196 1166; x_wconf 88' lang='lat' dir='ltr'>fere</span> <span class='ocrx_word' id='word_1_108' title='bbox 1224 1122 1400 1166; x_wconf 86' lang='lat' dir='ltr'>Graecia</span> <span class='ocrx_word' id='word_1_109' title='bbox 1436 1121 1603 1165; x_wconf 86' lang='lat' dir='ltr'>conflati</span> <span class='ocrx_word' id='word_1_110' title='bbox 1644 1131 1802 1172; x_wconf 79' lang='lat' dir='ltr'>essent,</span> <span class='ocrx_word' id='word_1_111' title='bbox 1841 1120 2029 1164; x_wconf 87' lang='lat' dir='ltr'>Athenas</span> <span class='ocrx_word' id='word_1_112' title='bbox 2063 1132 2201 1165; x_wconf 91' lang='lat' dir='ltr'>tamen</span> 
     </span>
     <span class='ocr_line' id='line_1_14' title="bbox 448 1183 2201 1244; baseline 0.001 -17"><span class='ocrx_word' id='word_1_113' title='bbox 448 1184 674 1244; x_wconf 87' lang='lat' dir='ltr'>praecipue</span> <span class='ocrx_word' id='word_1_114' title='bbox 707 1195 752 1228; x_wconf 89' lang='lat' dir='ltr'>ut</span> <span class='ocrx_word' id='word_1_115' title='bbox 787 1197 959 1229; x_wconf 85' lang='lat' dir='ltr'>matrem</span> <span class='ocrx_word' id='word_1_116' title='bbox 997 1185 1050 1228; x_wconf 90' lang='lat' dir='ltr'>ab</span> <span class='ocrx_word' id='word_1_117' title='bbox 1093 1185 1144 1228; x_wconf 91' lang='lat' dir='ltr'>iis</span> <span class='ocrx_word' id='word_1_118' title='bbox 1178 1184 1329 1229; x_wconf 87' lang='lat' dir='ltr'>cultam</span> <span class='ocrx_word' id='word_1_119' title='bbox 1364 1201 1474 1238; x_wconf 87' lang='lat' dir='ltr'>esse,</span> <span class='ocrx_word' id='word_1_120' title='bbox 1521 1183 1580 1226; x_wconf 88' lang='lat' dir='ltr'>vel</span> <span class='ocrx_word' id='word_1_121' title='bbox 1623 1185 1739 1226; x_wconf 90' lang='lat' dir='ltr'>numi</span> <span class='ocrx_word' id='word_1_122' title='bbox 1782 1183 2068 1227; x_wconf 87' lang='lat' dir='ltr'>demonstrare</span> <span class='ocrx_word' id='word_1_123' title='bbox 2102 1202 2201 1244; x_wconf 87' lang='lat' dir='ltr'>pos·</span> 
     </span>
     <span class='ocr_line' id='line_1_15' title="bbox 448 1246 2200 1306; baseline 0.001 -17"><span class='ocrx_word' id='word_1_124' title='bbox 448 1256 547 1290; x_wconf 90' lang='lat' dir='ltr'>sunt</span> <span class='ocrx_word' id='word_1_125' title='bbox 578 1248 812 1290; x_wconf 86' lang='lat' dir='ltr'>Minervam</span> <span class='ocrx_word' id='word_1_126' title='bbox 846 1248 1128 1306; x_wconf 86' lang='lat' dir='ltr'>praeferentes</span> <span class='ocrx_word' id='word_1_127' title='bbox 1164 1266 1199 1290; x_wconf 89' lang='lat' dir='ltr'>v.</span> <span class='ocrx_word' id='word_1_128' title='bbox 1229 1248 1280 1290; x_wconf 91' lang='lat' dir='ltr'>O.</span> <span class='ocrx_word' id='word_1_129' title='bbox 1305 1246 1446 1290; x_wconf 90' lang='lat' dir='ltr'>Muell.</span> <span class='ocrx_word' id='word_1_130' title='bbox 1477 1248 1666 1290; x_wconf 78' lang='lat' dir='ltr'>Handh.</span> <span class='ocrx_word' id='word_1_131' title='bbox 1700 1250 1743 1290; x_wconf 83' lang='lat' dir='ltr'>d.</span> <span class='ocrx_word' id='word_1_132' title='bbox 1771 1248 1915 1290; x_wconf 78' lang='lat' dir='ltr'>Arch.</span> <span class='ocrx_word' id='word_1_133' title='bbox 1948 1264 1989 1306; x_wconf 91' lang='lat' dir='ltr'>p.</span> <span class='ocrx_word' id='word_1_134' title='bbox 2009 1249 2114 1291; x_wconf 90' lang='grc'><strong><em>537.</em></strong></span> <span class='ocrx_word' id='word_1_135' title='bbox 2147 1246 2200 1291; x_wconf 82' lang='lat' dir='ltr'>cf.</span> 
     </span>
     <span class='ocr_line' id='line_1_16' title="bbox 449 1307 2197 1367; baseline 0.001 -16"><span class='ocrx_word' id='word_1_136' title='bbox 449 1308 570 1352; x_wconf 89' lang='lat' dir='ltr'>etiam</span> <span class='ocrx_word' id='word_1_137' title='bbox 612 1308 739 1352; x_wconf 88' lang='lat' dir='ltr'>Diod.</span> <span class='ocrx_word' id='word_1_138' title='bbox 770 1310 866 1361; x_wconf 88' lang='lat' dir='ltr'>XII,</span> <span class='ocrx_word' id='word_1_139' title='bbox 888 1311 961 1352; x_wconf 86' lang='lat'>35.</span> <span class='ocrx_word' id='word_1_140' title='bbox 1027 1307 1170 1366; x_wconf 84' lang='lat' dir='ltr'>Quum</span> <span class='ocrx_word' id='word_1_141' title='bbox 1212 1326 1309 1352; x_wconf 82' lang='lat' dir='ltr'>vero</span> <span class='ocrx_word' id='word_1_142' title='bbox 1351 1325 1438 1351; x_wconf 90' lang='lat' dir='ltr'>non</span> <span class='ocrx_word' id='word_1_143' title='bbox 1476 1307 1576 1350; x_wconf 91' lang='lat' dir='ltr'>solis</span> <span class='ocrx_word' id='word_1_144' title='bbox 1621 1307 1949 1351; x_wconf 87' lang='lat' dir='ltr'>Atheniensibus</span> <span class='ocrx_word' id='word_1_145' title='bbox 1992 1310 2197 1367; x_wconf 85' lang='lat' dir='ltr'>originem</span> 
     </span>
     <span class='ocr_line' id='line_1_17' title="bbox 447 1368 2200 1429; baseline 0 -15"><span class='ocrx_word' id='word_1_146' title='bbox 447 1387 568 1414; x_wconf 86' lang='lat' dir='ltr'>suam</span> <span class='ocrx_word' id='word_1_147' title='bbox 612 1370 832 1422; x_wconf 85' lang='lat' dir='ltr'>deberent,</span> <span class='ocrx_word' id='word_1_148' title='bbox 872 1370 957 1413; x_wconf 91' lang='lat' dir='ltr'>imo</span> <span class='ocrx_word' id='word_1_149' title='bbox 1002 1369 1054 1413; x_wconf 89' lang='lat' dir='ltr'>de</span> <span class='ocrx_word' id='word_1_150' title='bbox 1098 1387 1146 1413; x_wconf 90' lang='lat' dir='ltr'>eo</span> <span class='ocrx_word' id='word_1_151' title='bbox 1192 1370 1495 1422; x_wconf 80' lang='lat' dir='ltr'>decertaretur,</span> <span class='ocrx_word' id='word_1_152' title='bbox 1547 1368 1613 1413; x_wconf 90' lang='lat' dir='ltr'>cui</span> <span class='ocrx_word' id='word_1_153' title='bbox 1655 1369 1918 1429; x_wconf 88' lang='lat' dir='ltr'>potissimum</span> <span class='ocrx_word' id='word_1_154' title='bbox 1959 1371 2113 1414; x_wconf 85' lang='lat' dir='ltr'>civitati</span> <span class='ocrx_word' id='word_1_155' title='bbox 2152 1389 2200 1415; x_wconf 85' lang='lat' dir='ltr'>ea</span> 
     </span>
     <span class='ocr_line' id='line_1_18' title="bbox 449 1431 2199 1492; baseline 0.001 -16"><span class='ocrx_word' id='word_1_156' title='bbox 449 1431 614 1477; x_wconf 85' lang='lat' dir='ltr'>colonia</span> <span class='ocrx_word' id='word_1_157' title='bbox 649 1432 928 1476; x_wconf 89' lang='lat' dir='ltr'>adscribenda</span> <span class='ocrx_word' id='word_1_158' title='bbox 957 1443 1084 1484; x_wconf 92' lang='lat' dir='ltr'>esset,</span> <span class='ocrx_word' id='word_1_159' title='bbox 1116 1443 1211 1475; x_wconf 84' lang='lat' dir='ltr'>non&#39;</span> <span class='ocrx_word' id='word_1_160' title='bbox 1237 1450 1283 1476; x_wconf 87' lang='lat' dir='ltr'>ea</span> <span class='ocrx_word' id='word_1_161' title='bbox 1317 1432 1504 1475; x_wconf 80' lang='lat' dir='ltr'>Athenas</span> <span class='ocrx_word' id='word_1_162' title='bbox 1536 1431 1646 1475; x_wconf 88' lang='lat' dir='ltr'>inter</span> <span class='ocrx_word' id='word_1_163' title='bbox 1670 1443 1708 1476; x_wconf 88' lang='lat' dir='ltr'>et</span> <span class='ocrx_word' id='word_1_164' title='bbox 1740 1432 1924 1476; x_wconf 81' lang='lat' dir='ltr'>Thurios</span> <span class='ocrx_word' id='word_1_165' title='bbox 1957 1434 2199 1492; x_wconf 88' lang='lat' dir='ltr'>conjunctio</span> 
     </span>
     <span class='ocr_line' id='line_1_19' title="bbox 447 1494 2196 1555; baseline 0.001 -17"><span class='ocrx_word' id='word_1_166' title='bbox 447 1504 571 1554; x_wconf 88' lang='lat' dir='ltr'>atque</span> <span class='ocrx_word' id='word_1_167' title='bbox 598 1494 823 1538; x_wconf 87' lang='lat' dir='ltr'>necessitas</span> <span class='ocrx_word' id='word_1_168' title='bbox 857 1494 1101 1546; x_wconf 86' lang='lat' dir='ltr'>intercessit,</span> <span class='ocrx_word' id='word_1_169' title='bbox 1126 1512 1208 1555; x_wconf 89' lang='lat' dir='ltr'>qua</span> <span class='ocrx_word' id='word_1_170' title='bbox 1233 1495 1406 1538; x_wconf 90' lang='lat' dir='ltr'>decebat</span> <span class='ocrx_word' id='word_1_171' title='bbox 1431 1504 1602 1537; x_wconf 87' lang='lat' dir='ltr'>matrem</span> <span class='ocrx_word' id='word_1_172' title='bbox 1637 1511 1659 1536; x_wconf 89' lang='lat' dir='ltr'>a</span> <span class='ocrx_word' id='word_1_173' title='bbox 1685 1494 1768 1537; x_wconf 83' lang='lat' dir='ltr'>filia</span> <span class='ocrx_word' id='word_1_174' title='bbox 1792 1494 1884 1547; x_wconf 92' lang='lat' dir='ltr'>coli,</span> <span class='ocrx_word' id='word_1_175' title='bbox 1913 1513 1947 1538; x_wconf 88' lang='lat' dir='ltr'>v.</span> <span class='ocrx_word' id='word_1_176' title='bbox 1969 1496 2196 1540; x_wconf 89' lang='lat' dir='ltr'>Wachsm.</span> 
     </span>
     <span class='ocr_line' id='line_1_20' title="bbox 447 1556 2197 1616; baseline 0.001 -16"><span class='ocrx_word' id='word_1_177' title='bbox 447 1559 608 1600; x_wconf 69' lang='lat' dir='ltr'>hellen.</span> <span class='ocrx_word' id='word_1_178' title='bbox 633 1558 833 1601; x_wconf 79' lang='lat' dir='ltr'>Alterth.</span> <span class='ocrx_word' id='word_1_179' title='bbox 861 1556 893 1610; x_wconf 91' lang='lat' dir='ltr'>l,</span> <span class='ocrx_word' id='word_1_180' title='bbox 924 1560 967 1609; x_wconf 79' lang='lat'>2,</span> <span class='ocrx_word' id='word_1_181' title='bbox 997 1574 1037 1616; x_wconf 87' lang='lat' dir='ltr'>p.</span> <span class='ocrx_word' id='word_1_182' title='bbox 1057 1557 1245 1600; x_wconf 81' lang='grc'><strong>40-42.</strong></span> <span class='ocrx_word' id='word_1_183' title='bbox 1323 1556 1576 1616; x_wconf 82' lang='lat' dir='ltr'>Quanquam</span> <span class='ocrx_word' id='word_1_184' title='bbox 1612 1556 1721 1599; x_wconf 89' lang='lat' dir='ltr'>enim</span> <span class='ocrx_word' id='word_1_185' title='bbox 1765 1557 1852 1615; x_wconf 84' lang='lat' dir='ltr'>ejus</span> <span class='ocrx_word' id='word_1_186' title='bbox 1887 1558 2197 1616; x_wconf 85' lang='lat' dir='ltr'>conjunctionis</span> 
     </span>
     <span class='ocr_line' id='line_1_21' title="bbox 446 1618 2193 1679; baseline 0.001 -16"><span class='ocrx_word' id='word_1_187' title='bbox 446 1618 651 1663; x_wconf 87' lang='lat' dir='ltr'>rationem</span> <span class='ocrx_word' id='word_1_188' title='bbox 683 1618 726 1662; x_wconf 88' lang='lat' dir='ltr'>in</span> <span class='ocrx_word' id='word_1_189' title='bbox 762 1618 935 1663; x_wconf 86' lang='lat' dir='ltr'>diversis</span> <span class='ocrx_word' id='word_1_190' title='bbox 966 1618 1140 1663; x_wconf 89' lang='lat' dir='ltr'>coloniis</span> <span class='ocrx_word' id='word_1_191' title='bbox 1175 1619 1411 1679; x_wconf 89' lang='lat' dir='ltr'>accepimus</span> <span class='ocrx_word' id='word_1_192' title='bbox 1441 1618 1790 1671; x_wconf 87' lang='lat' dir='ltr'>diversissimam,</span> <span class='ocrx_word' id='word_1_193' title='bbox 1818 1629 1954 1662; x_wconf 90' lang='lat' dir='ltr'>tamen</span> <span class='ocrx_word' id='word_1_194' title='bbox 1988 1620 2193 1665; x_wconf 81' lang='lat' dir='ltr'>nonnulla</span> 
     </span>
     <span class='ocr_line' id='line_1_22' title="bbox 448 1681 2194 1743; baseline 0.001 -18"><span class='ocrx_word' id='word_1_195' title='bbox 448 1691 611 1726; x_wconf 85' lang='lat' dir='ltr'>constat</span> <span class='ocrx_word' id='word_1_196' title='bbox 645 1682 841 1725; x_wconf 86' lang='lat' dir='ltr'>omnibus</span> <span class='ocrx_word' id='word_1_197' title='bbox 875 1682 1051 1726; x_wconf 89' lang='lat' dir='ltr'>coloniis</span> <span class='ocrx_word' id='word_1_198' title='bbox 1082 1682 1126 1725; x_wconf 92' lang='lat' dir='ltr'>in</span> <span class='ocrx_word' id='word_1_199' title='bbox 1157 1681 1238 1725; x_wconf 92' lang='lat' dir='ltr'>hoc</span> <span class='ocrx_word' id='word_1_200' title='bbox 1271 1681 1507 1725; x_wconf 83' lang='lat' dir='ltr'>communia</span> <span class='ocrx_word' id='word_1_201' title='bbox 1535 1681 1688 1723; x_wconf 84' lang='lat' dir='ltr'>fuisse:</span> <span class='ocrx_word' id='word_1_202' title='bbox 1734 1691 1771 1723; x_wconf 91' lang='lat' dir='ltr'>et</span> <span class='ocrx_word' id='word_1_203' title='bbox 1804 1698 1855 1724; x_wconf 90' lang='lat' dir='ltr'>ne</span> <span class='ocrx_word' id='word_1_204' title='bbox 1888 1681 1990 1726; x_wconf 88' lang='lat' dir='ltr'>haec</span> <span class='ocrx_word' id='word_1_205' title='bbox 2023 1684 2194 1743; x_wconf 83' lang='lat' dir='ltr'>quidem</span> 
     </span>
     <span class='ocr_line' id='line_1_23' title="bbox 444 1743 2194 1807; baseline 0.002 -20"><span class='ocrx_word' id='word_1_206' title='bbox 444 1744 617 1788; x_wconf 90' lang='lat' dir='ltr'>Thuriis</span> <span class='ocrx_word' id='word_1_207' title='bbox 647 1745 875 1788; x_wconf 89' lang='lat' dir='ltr'>observata.</span> <span class='ocrx_word' id='word_1_208' title='bbox 938 1745 1087 1788; x_wconf 86' lang='lat' dir='ltr'>ln·his</span> <span class='ocrx_word' id='word_1_209' title='bbox 1121 1756 1215 1788; x_wconf 87' lang='lat' dir='ltr'>ante</span> <span class='ocrx_word' id='word_1_210' title='bbox 1248 1745 1388 1788; x_wconf 86' lang='lat' dir='ltr'>onmia</span> <span class='ocrx_word' id='word_1_211' title='bbox 1420 1743 1726 1788; x_wconf 86' lang='lat' dir='ltr'>nominandum</span> <span class='ocrx_word' id='word_1_212' title='bbox 1763 1754 1844 1797; x_wconf 86' lang='lat' dir='ltr'>est,</span> <span class='ocrx_word' id='word_1_213' title='bbox 1886 1744 2023 1805; x_wconf 90' lang='lat' dir='ltr'>quod,</span> <span class='ocrx_word' id='word_1_214' title='bbox 2064 1764 2194 1807; x_wconf 87' lang='lat' dir='ltr'>quum</span> 
     </span>
     <span class='ocr_line' id='line_1_24' title="bbox 444 1805 2195 1868; baseline 0.001 -17"><span class='ocrx_word' id='word_1_215' title='bbox 444 1805 600 1851; x_wconf 89' lang='lat' dir='ltr'>bellum</span> <span class='ocrx_word' id='word_1_216' title='bbox 643 1807 751 1851; x_wconf 86' lang='lat' dir='ltr'>inter</span> <span class='ocrx_word' id='word_1_217' title='bbox 790 1806 994 1851; x_wconf 90' lang='lat' dir='ltr'>coloniam</span> <span class='ocrx_word' id='word_1_218' title='bbox 1029 1807 1201 1868; x_wconf 90' lang='lat' dir='ltr'>ejusque</span> <span class='ocrx_word' id='word_1_219' title='bbox 1233 1818 1407 1851; x_wconf 84' lang='lat' dir='ltr'>matrem</span> <span class='ocrx_word' id='word_1_220' title='bbox 1439 1806 1520 1850; x_wconf 87' lang='lat' dir='ltr'>nisi</span> <span class='ocrx_word' id='word_1_221' title='bbox 1558 1806 1714 1864; x_wconf 84' lang='lat' dir='ltr'>insigni</span> <span class='ocrx_word' id='word_1_222' title='bbox 1759 1806 1898 1867; x_wconf 88' lang='lat' dir='ltr'>aliqua</span> <span class='ocrx_word' id='word_1_223' title='bbox 1932 1808 2089 1868; x_wconf 76' lang='lat' dir='ltr'>injuria</span> <span class='ocrx_word' id='word_1_224' title='bbox 2124 1820 2195 1853; x_wconf 92' lang='lat' dir='ltr'>aut</span> 
     </span>
     <span class='ocr_line' id='line_1_25' title="bbox 444 1867 2191 1928; baseline 0.002 -16"><span class='ocrx_word' id='word_1_225' title='bbox 444 1869 688 1912; x_wconf 83' lang='lat' dir='ltr'>necessitate</span> <span class='ocrx_word' id='word_1_226' title='bbox 723 1880 992 1926; x_wconf 88' lang='lat' dir='ltr'>cogerentur,</span> <span class='ocrx_word' id='word_1_227' title='bbox 1036 1870 1238 1926; x_wconf 85' lang='lat' dir='ltr'>injustum</span> <span class='ocrx_word' id='word_1_228' title='bbox 1278 1880 1400 1928; x_wconf 91' lang='lat' dir='ltr'>atque</span> <span class='ocrx_word' id='word_1_229' title='bbox 1441 1868 1686 1911; x_wconf 88' lang='lat' dir='ltr'>indecorum</span> <span class='ocrx_word' id='word_1_230' title='bbox 1729 1867 1974 1921; x_wconf 90' lang='lat' dir='ltr'>haberetur,</span> <span class='ocrx_word' id='word_1_231' title='bbox 2019 1871 2191 1916; x_wconf 87' lang='lat' dir='ltr'>Thuriis</span> 
     </span>
     <span class='ocr_line' id='line_1_26' title="bbox 444 1929 2188 1991; baseline 0.002 -17"><span class='ocrx_word' id='word_1_232' title='bbox 444 1934 532 1975; x_wconf 86' lang='lat' dir='ltr'>non</span> <span class='ocrx_word' id='word_1_233' title='bbox 566 1929 645 1975; x_wconf 88' lang='lat' dir='ltr'>alia</span> <span class='ocrx_word' id='word_1_234' title='bbox 681 1948 806 1975; x_wconf 89' lang='lat' dir='ltr'>causa</span> <span class='ocrx_word' id='word_1_235' title='bbox 838 1930 917 1975; x_wconf 85' lang='lat' dir='ltr'>suit</span> <span class='ocrx_word' id='word_1_236' title='bbox 950 1930 1003 1975; x_wconf 89' lang='lat' dir='ltr'>ab</span> <span class='ocrx_word' id='word_1_237' title='bbox 1035 1930 1353 1975; x_wconf 88' lang='lat' dir='ltr'>Atheniensium</span> <span class='ocrx_word' id='word_1_238' title='bbox 1386 1930 1576 1991; x_wconf 87' lang='lat' dir='ltr'>partibus</span> <span class='ocrx_word' id='word_1_239' title='bbox 1609 1929 1851 1983; x_wconf 87' lang='lat' dir='ltr'>deficiendi,</span> <span class='ocrx_word' id='word_1_240' title='bbox 1885 1948 2009 1991; x_wconf 87' lang='lat' dir='ltr'>quam</span> <span class='ocrx_word' id='word_1_241' title='bbox 2043 1949 2188 1977; x_wconf 88' lang='lat' dir='ltr'>eorum</span> 
     </span>
     <span class='ocr_line' id='line_1_27' title="bbox 445 1992 2191 2057; baseline 0.001 -20"><span class='ocrx_word' id='word_1_242' title='bbox 445 1993 500 2038; x_wconf 88' lang='lat' dir='ltr'>ad</span> <span class='ocrx_word' id='word_1_243' title='bbox 533 1993 764 2057; x_wconf 86' lang='lat' dir='ltr'>Syracusas</span> <span class='ocrx_word' id='word_1_244' title='bbox 798 1992 1032 2044; x_wconf 86' lang='lat' dir='ltr'>calamitas,</span> <span class='ocrx_word' id='word_1_245' title='bbox 1075 1994 1196 2053; x_wconf 85' lang='lat' dir='ltr'>cujus</span> <span class='ocrx_word' id='word_1_246' title='bbox 1230 1994 1311 2054; x_wconf 88' lang='lat' dir='ltr'>ipsi</span> <span class='ocrx_word' id='word_1_247' title='bbox 1347 1993 1450 2036; x_wconf 89' lang='lat' dir='ltr'>socii</span> <span class='ocrx_word' id='word_1_248' title='bbox 1490 1993 1667 2036; x_wconf 84' lang='lat' dir='ltr'>fuerant.</span> <span class='ocrx_word' id='word_1_249' title='bbox 1732 1993 1903 2052; x_wconf 79' lang='lat' dir='ltr'>Quippe</span> <span class='ocrx_word' id='word_1_250' title='bbox 1935 1993 2062 2052; x_wconf 89' lang='lat' dir='ltr'>paulo</span> <span class='ocrx_word' id='word_1_251' title='bbox 2094 2007 2191 2054; x_wconf 90' lang='lat' dir='ltr'>post</span> 
     </span>
     <span class='ocr_line' id='line_1_28' title="bbox 444 2053 2191 2108; baseline 0.001 -8"><span class='ocrx_word' id='word_1_252' title='bbox 444 2056 592 2100; x_wconf 89' lang='lat' dir='ltr'>urbem</span> <span class='ocrx_word' id='word_1_253' title='bbox 624 2056 886 2100; x_wconf 89' lang='lat' dir='ltr'>constitutam</span> <span class='ocrx_word' id='word_1_254' title='bbox 928 2066 1088 2099; x_wconf 82' lang='lat' dir='ltr'>tantum</span> <span class='ocrx_word' id='word_1_255' title='bbox 1120 2054 1279 2100; x_wconf 86' lang='lat' dir='ltr'>viribus</span> <span class='ocrx_word' id='word_1_256' title='bbox 1321 2055 1409 2099; x_wconf 90' lang='lat' dir='ltr'>suis</span> <span class='ocrx_word' id='word_1_257' title='bbox 1442 2053 1655 2108; x_wconf 87' lang='lat' dir='ltr'>fidebant,</span> <span class='ocrx_word' id='word_1_258' title='bbox 1695 2065 1741 2098; x_wconf 88' lang='lat' dir='ltr'>ut</span> <span class='ocrx_word' id='word_1_259' title='bbox 1783 2055 1906 2099; x_wconf 90' lang='lat' dir='ltr'>etiam</span> <span class='ocrx_word' id='word_1_260' title='bbox 1939 2055 2030 2100; x_wconf 89' lang='lat' dir='ltr'>sine</span> <span class='ocrx_word' id='word_1_261' title='bbox 2061 2056 2191 2102; x_wconf 88' lang='lat' dir='ltr'>Athe-</span> 
     </span>
     <span class='ocr_line' id='line_1_29' title="bbox 443 2117 2188 2179; baseline 0.001 -16"><span class='ocrx_word' id='word_1_262' title='bbox 443 2118 651 2163; x_wconf 88' lang='lat' dir='ltr'>niensium</span> <span class='ocrx_word' id='word_1_263' title='bbox 686 2135 765 2179; x_wconf 92' lang='lat' dir='ltr'>ope</span> <span class='ocrx_word' id='word_1_264' title='bbox 797 2117 1027 2162; x_wconf 82' lang='lat' dir='ltr'>vicinarum</span> <span class='ocrx_word' id='word_1_265' title='bbox 1055 2118 1263 2163; x_wconf 83' lang='lat' dir='ltr'>civitatum</span> <span class='ocrx_word' id='word_1_266' title='bbox 1292 2118 1491 2161; x_wconf 83' lang='lat' dir='ltr'>invidiam</span> <span class='ocrx_word' id='word_1_267' title='bbox 1520 2135 1606 2161; x_wconf 87' lang='lat' dir='ltr'>non</span> <span class='ocrx_word' id='word_1_268' title='bbox 1641 2118 1881 2161; x_wconf 86' lang='lat' dir='ltr'>horrerent:</span> <span class='ocrx_word' id='word_1_269' title='bbox 1915 2130 2038 2179; x_wconf 86' lang='lat' dir='ltr'>atque</span> <span class='ocrx_word' id='word_1_270' title='bbox 2063 2138 2188 2179; x_wconf 87' lang='lat' dir='ltr'>quam</span> 
     </span>
     <span class='ocr_line' id='line_1_30' title="bbox 444 2180 2188 2241; baseline 0.002 -17"><span class='ocrx_word' id='word_1_271' title='bbox 444 2181 608 2240; x_wconf 84' lang='lat' dir='ltr'>egregie</span> <span class='ocrx_word' id='word_1_272' title='bbox 641 2181 722 2241; x_wconf 91' lang='lat' dir='ltr'>ipsi</span> <span class='ocrx_word' id='word_1_273' title='bbox 756 2198 800 2225; x_wconf 89' lang='lat' dir='ltr'>se</span> <span class='ocrx_word' id='word_1_274' title='bbox 836 2182 1132 2235; x_wconf 88' lang='lat' dir='ltr'>sustinuerint,</span> <span class='ocrx_word' id='word_1_275' title='bbox 1172 2181 1384 2226; x_wconf 88' lang='lat' dir='ltr'>declarant</span> <span class='ocrx_word' id='word_1_276' title='bbox 1416 2180 1534 2225; x_wconf 89' lang='lat' dir='ltr'>numi</span> <span class='ocrx_word' id='word_1_277' title='bbox 1567 2180 1683 2225; x_wconf 90' lang='lat' dir='ltr'>haud</span> <span class='ocrx_word' id='word_1_278' title='bbox 1715 2181 1823 2233; x_wconf 88' lang='lat' dir='ltr'>rari,</span> <span class='ocrx_word' id='word_1_279' title='bbox 1865 2180 1908 2224; x_wconf 92' lang='lat' dir='ltr'>in</span> <span class='ocrx_word' id='word_1_280' title='bbox 1942 2182 2092 2241; x_wconf 89' lang='lat' dir='ltr'>quibus</span> <span class='ocrx_word' id='word_1_281' title='bbox 2124 2181 2188 2227; x_wconf 87' lang='lat' dir='ltr'>vel</span> 
     </span>
     <span class='ocr_line' id='line_1_31' title="bbox 442 2243 2186 2305; baseline 0.001 -17"><span class='ocrx_word' id='word_1_282' title='bbox 442 2244 627 2288; x_wconf 86' lang='lat' dir='ltr'>Victoria</span> <span class='ocrx_word' id='word_1_283' title='bbox 658 2244 916 2304; x_wconf 88' lang='lat' dir='ltr'>conspicitur</span> <span class='ocrx_word' id='word_1_284' title='bbox 946 2254 1111 2288; x_wconf 84' lang='lat' dir='ltr'>taurum</span> <span class='ocrx_word' id='word_1_285' title='bbox 1135 2262 1342 2289; x_wconf 90' lang='lat' dir='ltr'>coronans</span> <span class='ocrx_word' id='word_1_286' title='bbox 1362 2248 1449 2305; x_wconf 91' lang='lat' dir='ltr'>(ap.</span> <span class='ocrx_word' id='word_1_287' title='bbox 1470 2243 1621 2288; x_wconf 79' lang='lat' dir='ltr'>Rasch.</span> <span class='ocrx_word' id='word_1_288' title='bbox 1644 2261 1686 2304; x_wconf 89' lang='lat' dir='ltr'>p.</span> <span class='ocrx_word' id='word_1_289' title='bbox 1703 2243 1835 2295; x_wconf 77' lang='lat'>1154,</span> <span class='ocrx_word' id='word_1_290' title='bbox 1857 2244 1925 2287; x_wconf 88' lang='grc'>13.</span> <span class='ocrx_word' id='word_1_291' title='bbox 1962 2245 2095 2298; x_wconf 88' lang='grc'>1155,</span> <span class='ocrx_word' id='word_1_292' title='bbox 2111 2249 2186 2290; x_wconf 82' lang='grc'>22.</span> 
     </span>
     <span class='ocr_line' id='line_1_32' title="bbox 447 2306 2184 2368; baseline 0.001 -18"><span class='ocrx_word' id='word_1_293' title='bbox 447 2307 581 2359; x_wconf 86' lang='lat'>1158,</span> <span class='ocrx_word' id='word_1_294' title='bbox 604 2310 666 2349; x_wconf 80' lang='lat'>20</span> <span class='ocrx_word' id='word_1_295' title='bbox 690 2324 750 2367; x_wconf 90' lang='lat' dir='ltr'>sq.</span> <span class='ocrx_word' id='word_1_296' title='bbox 799 2307 932 2358; x_wconf 90' lang='lat'>1160,</span> <span class='ocrx_word' id='word_1_297' title='bbox 960 2307 1035 2351; x_wconf 81' lang='lat'>47.</span> <span class='ocrx_word' id='word_1_298' title='bbox 1079 2309 1213 2360; x_wconf 90' lang='grc'>1161,</span> <span class='ocrx_word' id='word_1_299' title='bbox 1243 2309 1358 2367; x_wconf 89' lang='grc'>69.),</span> <span class='ocrx_word' id='word_1_300' title='bbox 1406 2306 1468 2350; x_wconf 89' lang='lat' dir='ltr'>vel</span> <span class='ocrx_word' id='word_1_301' title='bbox 1509 2317 1661 2350; x_wconf 90' lang='lat' dir='ltr'>noctua</span> <span class='ocrx_word' id='word_1_302' title='bbox 1703 2322 1898 2349; x_wconf 90' lang='lat' dir='ltr'>coronam</span> <span class='ocrx_word' id='word_1_303' title='bbox 1936 2316 2081 2351; x_wconf 89' lang='lat' dir='ltr'>tenens</span> <span class='ocrx_word' id='word_1_304' title='bbox 2122 2311 2184 2368; x_wconf 88' lang='lat' dir='ltr'>(p.</span> 
     </span>
     <span class='ocr_line' id='line_1_33' title="bbox 446 2367 2185 2428; baseline 0.001 -15"><span class='ocrx_word' id='word_1_305' title='bbox 446 2370 582 2422; x_wconf 88' lang='lat'>1157,</span> <span class='ocrx_word' id='word_1_306' title='bbox 604 2372 718 2428; x_wconf 88' lang='lat'>53.),</span> <span class='ocrx_word' id='word_1_307' title='bbox 750 2367 812 2412; x_wconf 87' lang='lat' dir='ltr'>vel</span> <span class='ocrx_word' id='word_1_308' title='bbox 838 2368 1020 2413; x_wconf 88' lang='lat' dir='ltr'>Victoria</span> <span class='ocrx_word' id='word_1_309' title='bbox 1050 2369 1262 2413; x_wconf 89' lang='lat' dir='ltr'>Palladem</span> <span class='ocrx_word' id='word_1_310' title='bbox 1291 2369 1411 2412; x_wconf 90' lang='lat' dir='ltr'>lauro</span> <span class='ocrx_word' id='word_1_311' title='bbox 1438 2368 1661 2412; x_wconf 85' lang='lat' dir='ltr'>redimiens</span> <span class='ocrx_word' id='word_1_312' title='bbox 1692 2368 1911 2426; x_wconf 89' lang='lat' dir='ltr'>(Magnan.</span> <span class='ocrx_word' id='word_1_313' title='bbox 1932 2369 2049 2413; x_wconf 87' lang='lat' dir='ltr'>misc.</span> <span class='ocrx_word' id='word_1_314' title='bbox 2069 2387 2185 2415; x_wconf 88' lang='lat' dir='ltr'>num.</span> 
     </span>
     <span class='ocr_line' id='line_1_34' title="bbox 441 2429 2081 2491; baseline 0.001 -17"><span class='ocrx_word' id='word_1_315' title='bbox 441 2433 482 2484; x_wconf 86' lang='grc' dir='ltr'>Ι,</span> <span class='ocrx_word' id='word_1_316' title='bbox 513 2430 573 2474; x_wconf 79' lang='lat' dir='ltr'>tb.</span> <span class='ocrx_word' id='word_1_317' title='bbox 591 2431 667 2484; x_wconf 87' lang='grc'>47,</span> <span class='ocrx_word' id='word_1_318' title='bbox 690 2431 783 2490; x_wconf 88' lang='lat' dir='ltr'>X.),</span> <span class='ocrx_word' id='word_1_319' title='bbox 826 2430 888 2475; x_wconf 79' lang='lat' dir='ltr'>vel</span> <span class='ocrx_word' id='word_1_320' title='bbox 920 2442 1111 2491; x_wconf 90' lang='lat' dir='ltr'>protoma</span> <span class='ocrx_word' id='word_1_321' title='bbox 1145 2431 1357 2475; x_wconf 84' lang='lat' dir='ltr'>Victoriae</span> <span class='ocrx_word' id='word_1_322' title='bbox 1386 2430 1516 2474; x_wconf 83' lang='lat' dir='ltr'>alatae</span> <span class='ocrx_word' id='word_1_323' title='bbox 1547 2429 1716 2488; x_wconf 84' lang='lat' dir='ltr'>(Rasch.</span> <span class='ocrx_word' id='word_1_324' title='bbox 1749 2447 1790 2490; x_wconf 88' lang='lat' dir='ltr'>p.</span> <span class='ocrx_word' id='word_1_325' title='bbox 1815 2430 1949 2483; x_wconf 80' lang='lat'>1162,</span> <span class='ocrx_word' id='word_1_326' title='bbox 1978 2433 2081 2490; x_wconf 71' lang='lat'>14).</span> 
     </span>
     <span class='ocr_line' id='line_1_35' title="bbox 566 2493 2182 2557; baseline 0.001 -19"><span class='ocrx_word' id='word_1_327' title='bbox 566 2495 760 2554; x_wconf 91' lang='lat' dir='ltr'>Denique</span> <span class='ocrx_word' id='word_1_328' title='bbox 792 2495 993 2540; x_wconf 92' lang='lat' dir='ltr'>nonnulla</span> <span class='ocrx_word' id='word_1_329' title='bbox 1025 2494 1202 2540; x_wconf 87' lang='lat' dir='ltr'>dicenda</span> <span class='ocrx_word' id='word_1_330' title='bbox 1234 2506 1332 2539; x_wconf 90' lang='lat' dir='ltr'>sunt</span> <span class='ocrx_word' id='word_1_331' title='bbox 1361 2494 1413 2538; x_wconf 90' lang='lat' dir='ltr'>de</span> <span class='ocrx_word' id='word_1_332' title='bbox 1439 2494 1668 2557; x_wconf 86' lang='lat' dir='ltr'>Sybaritis,</span> <span class='ocrx_word' id='word_1_333' title='bbox 1700 2494 1772 2554; x_wconf 90' lang='lat' dir='ltr'>qui</span> <span class='ocrx_word' id='word_1_334' title='bbox 1804 2493 1912 2538; x_wconf 89' lang='lat' dir='ltr'>cladi</span> <span class='ocrx_word' id='word_1_335' title='bbox 1941 2494 2182 2554; x_wconf 83' lang='lat' dir='ltr'>superstites</span> 
     </span>
     <span class='ocr_line' id='line_1_36' title="bbox 443 2556 2181 2616; baseline -0.001 -15"><span class='ocrx_word' id='word_1_336' title='bbox 443 2556 511 2601; x_wconf 91' lang='lat' dir='ltr'>Ol.</span> <span class='ocrx_word' id='word_1_337' title='bbox 526 2558 759 2609; x_wconf 83' lang='lat' dir='ltr'>LXXXIII,</span> <span class='ocrx_word' id='word_1_338' title='bbox 780 2557 825 2602; x_wconf 86' lang='grc'>4.</span> <span class='ocrx_word' id='word_1_339' title='bbox 857 2574 906 2602; x_wconf 85' lang='lat' dir='ltr'>ex</span> <span class='ocrx_word' id='word_1_340' title='bbox 936 2558 1040 2601; x_wconf 89' lang='lat' dir='ltr'>urbe</span> <span class='ocrx_word' id='word_1_341' title='bbox 1071 2559 1115 2601; x_wconf 90' lang='lat' dir='ltr'>in</span> <span class='ocrx_word' id='word_1_342' title='bbox 1149 2557 1327 2602; x_wconf 85' lang='lat' dir='ltr'>confinia</span> <span class='ocrx_word' id='word_1_343' title='bbox 1361 2558 1452 2616; x_wconf 87' lang='lat' dir='ltr'>agri</span> <span class='ocrx_word' id='word_1_344' title='bbox 1482 2557 1768 2601; x_wconf 88' lang='lat' dir='ltr'>Crotoniensis</span> <span class='ocrx_word' id='word_1_345' title='bbox 1801 2567 1840 2600; x_wconf 92' lang='lat' dir='ltr'>et</span> <span class='ocrx_word' id='word_1_346' title='bbox 1872 2556 2049 2600; x_wconf 90' lang='lat' dir='ltr'>Thurini</span> <span class='ocrx_word' id='word_1_347' title='bbox 2081 2575 2181 2600; x_wconf 89' lang='lat' dir='ltr'>con-</span> 
     </span>
     <span class='ocr_line' id='line_1_37' title="bbox 442 2618 2180 2680; baseline 0 -17"><span class='ocrx_word' id='word_1_348' title='bbox 442 2619 658 2679; x_wconf 87' lang='lat' dir='ltr'>fugerant,</span> <span class='ocrx_word' id='word_1_349' title='bbox 691 2619 765 2662; x_wconf 88' lang='lat' dir='ltr'>ubi</span> <span class='ocrx_word' id='word_1_350' title='bbox 793 2636 928 2680; x_wconf 90' lang='lat' dir='ltr'>prope</span> <span class='ocrx_word' id='word_1_351' title='bbox 955 2620 1091 2665; x_wconf 86' lang='lat' dir='ltr'>Train</span> <span class='ocrx_word' id='word_1_352' title='bbox 1118 2638 1150 2665; x_wconf 91' lang='lat' dir='ltr'>s.</span> <span class='ocrx_word' id='word_1_353' title='bbox 1174 2621 1395 2664; x_wconf 81' lang='lat' dir='ltr'>Traentem</span> <span class='ocrx_word' id='word_1_354' title='bbox 1427 2619 1598 2663; x_wconf 89' lang='lat' dir='ltr'>fluvium</span> <span class='ocrx_word' id='word_1_355' title='bbox 1627 2619 1907 2664; x_wconf 86' lang='lat' dir='ltr'>consederunt</span> <span class='ocrx_word' id='word_1_356' title='bbox 1922 2620 1969 2674; x_wconf 81' lang='lat'>7).</span> <span class='ocrx_word' id='word_1_357' title='bbox 2032 2621 2082 2662; x_wconf 89' lang='lat' dir='ltr'>In</span> <span class='ocrx_word' id='word_1_358' title='bbox 2113 2618 2180 2663; x_wconf 89' lang='lat' dir='ltr'>his</span> 
     </span>
    </p>
   </div>
   <div class='ocr_carea' id='block_1_3' title="bbox 438 2764 2179 2921">
    <p class='ocr_par' dir='ltr' id='par_1_3' title="bbox 438 2764 2179 2921">
     <span class='ocr_line' id='line_1_38' title="bbox 543 2764 2179 2818; baseline -0.002 -13"><span class='ocrx_word' id='word_1_359' title='bbox 543 2768 584 2816; x_wconf 90' lang='lat'>7)</span> <span class='ocrx_word' id='word_1_360' title='bbox 625 2767 813 2818; x_wconf 84' lang='lat' dir='ltr'>Sybaritis</span> <span class='ocrx_word' id='word_1_361' title='bbox 849 2765 897 2804; x_wconf 79' lang='lat' dir='ltr'>ad</span> <span class='ocrx_word' id='word_1_362' title='bbox 932 2768 1137 2805; x_wconf 85' lang='lat' dir='ltr'>Traentem</span> <span class='ocrx_word' id='word_1_363' title='bbox 1174 2767 1437 2804; x_wconf 80' lang='lat' dir='ltr'>habitantibus</span> <span class='ocrx_word' id='word_1_364' title='bbox 1469 2765 1680 2804; x_wconf 78' lang='lat' dir='ltr'>‘Ullrichius</span> <span class='ocrx_word' id='word_1_365' title='bbox 1713 2778 1750 2813; x_wconf 89' lang='lat' dir='ltr'>p.</span> <span class='ocrx_word' id='word_1_366' title='bbox 1772 2768 1836 2800; x_wconf 86' lang='lat'>58.</span> <span class='ocrx_word' id='word_1_367' title='bbox 1868 2776 2008 2802; x_wconf 85' lang='lat' dir='ltr'>numos</span> <span class='ocrx_word' id='word_1_368' title='bbox 2045 2764 2179 2801; x_wconf 88' lang='lat' dir='ltr'>tribuit</span> 
     </span>
     <span class='ocr_line' id='line_1_39' title="bbox 438 2817 2177 2871; baseline -0.002 -15"><span class='ocrx_word' id='word_1_369' title='bbox 438 2820 603 2858; x_wconf 83' lang='lat' dir='ltr'>Palladis</span> <span class='ocrx_word' id='word_1_370' title='bbox 634 2821 754 2870; x_wconf 86' lang='lat' dir='ltr'>capite</span> <span class='ocrx_word' id='word_1_371' title='bbox 783 2820 947 2869; x_wconf 79' lang='lat' dir='ltr'>signatos</span> <span class='ocrx_word' id='word_1_372' title='bbox 975 2821 1206 2871; x_wconf 87' lang='lat' dir='ltr'>eosdemque</span> <span class='ocrx_word' id='word_1_373' title='bbox 1232 2820 1497 2870; x_wconf 85' lang='lat' dir='ltr'>Sybaritarum</span> <span class='ocrx_word' id='word_1_374' title='bbox 1525 2820 1679 2857; x_wconf 85' lang='lat' dir='ltr'>nomine</span> <span class='ocrx_word' id='word_1_375' title='bbox 1707 2817 1932 2866; x_wconf 83' lang='lat' dir='ltr'>inscriptos:</span> <span class='ocrx_word' id='word_1_376' title='bbox 1967 2817 2177 2855; x_wconf 81' lang='lat' dir='ltr'>Athenien-</span> 
     </span>
     <span class='ocr_line' id='line_1_40' title="bbox 438 2871 1901 2921; baseline -0.001 -11"><span class='ocrx_word' id='word_1_377' title='bbox 438 2885 497 2911; x_wconf 77' lang='lat' dir='ltr'>ses</span> <span class='ocrx_word' id='word_1_378' title='bbox 525 2876 625 2911; x_wconf 83' lang='lat' dir='ltr'>enim</span> <span class='ocrx_word' id='word_1_379' title='bbox 653 2876 762 2912; x_wconf 86' lang='lat' dir='ltr'>etiam</span> <span class='ocrx_word' id='word_1_380' title='bbox 792 2875 832 2910; x_wconf 87' lang='lat' dir='ltr'>iu</span> <span class='ocrx_word' id='word_1_381' title='bbox 859 2875 947 2912; x_wconf 81' lang='lat' dir='ltr'>illos</span> <span class='ocrx_word' id='word_1_382' title='bbox 973 2882 1206 2911; x_wconf 85' lang='lat' dir='ltr'>momentum</span> <span class='ocrx_word' id='word_1_383' title='bbox 1234 2874 1413 2911; x_wconf 80' lang='lat' dir='ltr'>habuisse</span> <span class='ocrx_word' id='word_1_384' title='bbox 1440 2873 1583 2911; x_wconf 76' lang='lat' dir='ltr'>statuit.</span> <span class='ocrx_word' id='word_1_385' title='bbox 1638 2872 1730 2909; x_wconf 87' lang='lat' dir='ltr'>Non</span> <span class='ocrx_word' id='word_1_386' title='bbox 1762 2871 1901 2921; x_wconf 85' lang='lat' dir='ltr'>probo.</span> 
     </span>
    </p>
   </div>
   <div class='ocr_carea' id='block_1_4' title="bbox 1666 2937 1695 2978">
    <p class='ocr_par' dir='ltr' id='par_1_4' title="bbox 1666 2937 1695 2978">
     <span class='ocr_line' id='line_1_41' title="bbox 1666 2937 1695 2978; baseline 0 0"><span class='ocrx_word' id='word_1_387' title='bbox 1666 2937 1695 2978; x_wconf 80' lang='lat'>4</span> 
     </span>
    </p>
   </div>
   <div class='ocr_carea' id='block_1_5' title="bbox 0 3708 2960 3733">
    <p class='ocr_par' dir='ltr' id='par_1_5' title="bbox 0 3708 2960 3733">
     <span class='ocr_line' id='line_1_42' title="bbox 0 3708 2960 3733; baseline 0 0"><span class='ocrx_word' id='word_1_388' title='bbox 0 3708 2960 3733; x_wconf 95' lang='lat' dir='ltr'> </span> 
     </span>
    </p>
   </div>
  </div>
 </body>
</html>
