2933 3669
1474 294 1543 341 32

629 408 756 454 bium
780 409 1016 453 Italicarum
1036 405 1365 449 Atheniensibus
1396 404 1665 449 frumentum
1660 406 1882 466 urbisque
1904 411 2124 461 adeundae
2152 410 2388 456 facultatem

632 471 875 543 praebuisse
908 468 1151 521 narraverit,
1187 466 1454 511 Crotoniatae
1481 478 1657 513 auctore
1666 466 1870 512 *Diodoro
1894 470 2183 518 tfn'umehtum
2179 475 2242 518 it’s
2267 483 2386 534 prae-¹

629 535 823 579 stiterunt
857 530 1010 602 (quod.
1027 547 1129 574 sane
1162 529 1316 573 mirum
1352 540 1435 574 est·
1466 548 1563 575 nam
1583 531 1765 574 (.ἰ-ειοιοιι
1760 529 1923 596 ¹procul
1950 531 2085 577 dubio
2087 536 2389 581 Lacedaemo-

632 595 796 639 niorum
829 604 970 652 partes
999 593 1043 635 in
1077 593 1158 636 hoc
1199 592 1310 636 bello
1342 594 1653 653 sequebatur):-
1684 609 1855 638 νετιιιιι-·
1846 591 2044 638 *Etrurine
2077 612 2238 654 quum
2248 616 2390 659 appu-

629 656 772 700 lissent
804 655 1108 707 Athenienses,
1146 672 1308 698 summa
1344 654 1630 699 benevolentia
1661 655 1820 715 excepti
1841 656 1956 699 *sirm
1966 653 2204 720 (ηιῂὴῖντων
2216 659 2391 726 ἔτυχον

628 721 722 769 τῶν
756 715 1122 781 φιλανθρώπων
1159 717 1284 761 Diod.
1316 718 1431 771 ΧΙΙΙ,
1453 721 1528 778 3.).
1591 717 1737 778 Neque
1768 721 1929 762 1-ιιιιιιιειι
1943 717 2057 778 'jam
2067 727 2170 762 tuno
2196 717 2393 766 videntur

628 780 781 824 ΤΙιιιιὶὶ
828 780 977 823 foedus
1018 797 1230 823 armorum
1277 797 1370 822 cum
1409 752 1753 824 Atheniensibus
1764 780 1996 838 junxisse.
2047 778 2200 854 Rhegii
2235 779 2391 825 deinde

630 843 859 904 requieturi
898 860 1027 903 quum
1062 860 1113 887 ne
1156 842 1214 886 ibi
1256 842 1425 902 quidem
1470 842 1524 887 in
1547 842 1721 887 urbem'
1723 842 1913 888 'admissi
1938 844 2109 897 essent,
2144 853 2277 888 extm
2292 859 2391 890 eam

632 917 766 951 castra
800 916 1045 976 posuerunt.
1108 904 1195 948 Sed
1223 904 1428 963 Rheginis
1462 908 1728 977 persuadere
1748 906 1853 949 ιιοιι-
1847 916 2115 966 potuerunt,
2143 917 2190 950 ut
2222 906 2392 967 expedi-

632 968 787 1012 tionem
816 968 860 1011 in
893 967 1081 1012 Siciliam
1115 978 1409 1027 sequerentur,-
1437 968 1594 1028 quippe
1624 967 1696 1027 qui
1729 968 1941 1026 negarent*
1966 984 2009 1011 se
2026 967 2302 1038 quidquam
2307 968 2391 1012 nisi

629 1029 805 1074 consilio
844 1028 1019 1072 aliorum
1053 1029 1312 1073 ltaliotarum
1355 1030 1523 1089 cognito
1551 1040 1829 1090 suscepturos
1856 1046 1971 1073 esse:
1983 1029 2037 1073 ii
2074 1040 2210 1073 autem
2236 1046 2390 1074 rerum

629 1093 673 1135 in
702 1091 846 1134 Sicilia
888 1092 1169 1162 gerendarum
1211 1103 1400 1135 eventum
1439 1092 1780 1163 exspectandu'm
1805 1109 1893 1135 esse
1925 1102 2193 1145 censuerunt
2238 1092 2390 1136 --Εειιο

627 1163 765 1198 tamen
811 1150 1073 1206 falleremur,
1114 1153 1149 1197 si
1189 1154 1371 1212 Magnae
1409 1154 1610 1198 Graeciae
1653 1154 1836 1234 civitates
1865 1152 1949 1198 illo
1992 1157 2179 1254 tempore
2221 1152 2391 1199 foedere

625 1218 793 1273 junctas
825 1214 956 1258 fuisse
988 1226 1212 1286 propterea
1245 1227 1535 1261 statueremus.
1642 1240 1644 1242 >
1866 1233 1897 1253 ·=·
1909 1243 1913 1250 =
1962 1241 1967 1253 ι
2139 1244 2141 1246 >
2282 1237 2311 1245 ⁴·
2335 1238 2362 1266 ι’

751 1277 858 1320 Inde
892 1295 1021 1337 quum
1053 1278 1127 1320 vix·
1153 1277 1298 1321 classis
1332 1278 1518 1323 Siciliam
1564 1278 1770 1337 petiisset,
1812 1276 1978 1320 famosa
2000 1244 2240 1321 Salaminia
2273 1278 2391 1330 navis

627 1338 759 1383 missa
793 1349 854 1382 est
887 1339 1088 1391 Athenis,
1121 1355 1228 1398 quae
1253 1339 1516 1381 Alcibiadem
1551 1339 1732 1396 graviter
1763 1339 2017 1380 accusatum·
2038 1338 2081 1380 in
2116 1339 2183 1397 J‘us
2213 1350 2391 1383 vocaret.

628 1400 716 1459 Qui
750 1401 924 1445 domum
955 1401 1092 1446 redire
1125 1418 1212 1444 non
1246 1418 1372 1444 ausus
1390 1400 1593 1454 ι’Ῑ“Ιιιιι“ιι.ς,
1628 1416 1712 1461 quo
1745 1409 1897 1445 nautae
1927 1398 2195 1470 appulerunt,
2224 1410 2282 1445 et
2299 1400 2390 1462 ipse

627 1463 789 1522 effugit,
822 1474 868 1505 ut
895 1465 967 1524 qui
1001 1481 1094 1507 cum
1117 1480 1165 1505 eo
1192 1463 1273 1505 sibi
1305 1464 1527 1507 timebant.
1543 1463 1672 1506 unde
1693 1461 1822 1522 paulo
1854 1472 1952 1521 post
1977 1462 2027 1504 in
2050 1462 2388 1521 Peloponnesum

629 1525 891 1585 trajecerunt.
951 1525 1085 1570 Thuc.
1114 1526 1184 1579 V,l
1213 1526 1286 1570 61.
1314 1526 1391 1572 88.
1439 1525 1567 1604 Diod.
1597 1527 1791 1614 X111,5.
1854 1523 2082 1569 Plut.Alc.
2109 1528 2183 1569 22
2228 1524 2389 1571 Aelian.

625 1591 676 1632 Υ.
701 1590 751 1632 Η.
776 1589 890 1640 XIII,
920 1589 994 1633 38
2360 1627 2362 1630 .

753 1653 918 1694 Interea
952 1651 982 1695 S
1038 1649 1236 1702 acusani,
1277 1649 1352 1694 ubi
1384 1614 1615 1694 infeliciter
1646 1666 1742 1694 cum
1773 1648 2104 1693 Atheniensibus
2136 1665 2392 1709 pugnavere,

629 1711 882 1756 Corinthum
914 1723 954 1756 et
1022 1712 1355 1756 acedaemonem
1367 1711 1550 1770 legatos
1560 1712 1765 1756 miserunt
1786 1711 1948 1754 ‘auxilii
1978 1711 2198 1772 expetendi
2228 1728 2391 1758 causa:

631 1774 703 1834 qui
745 1775 788 1818 in
833 1775 979 1817 itinere
1017 1773 1159 1817 ltaliae
1195 1773 1630 1834 civitatibus1,quas
1625 1773 2090 1834 praetervebebantur,
2134 1774 2391 1833 persuadere

630 1835 901 1889 studuerunt,
933 1846 979 1880 ut
1006 1835 1285 1899 Syracusanis
1310 1836 1636 1895 opitularentur.
1701 1837 1751 1879 In
1780 1852 1865 1895 quo
1897 1834 2027 1878 haud
2048 1835 2177 1878 dubie
2205 1836 2389 1881 Thurios

627 1916 797 1959 quoque
831 1909 1058 1951 tentarunt,
1090 1916 1197 1958 quos
1232 1898 1386 1941 deinde
1418 1897 1635 1960 Gylippus
1658 1908 1698 1940 et
1729 1897 1819 1957 ipse
1852 1906 1898 1940 ιιι
1926 1897 2231 1957 Spartanorum
2265 1899 2389 1943 sociis

626 1977 672 2005 se
707 1961 991 2005 adsciscerent
1021 1977 1263 2021 permovere
1296 1970 1470 2004 conatus
1497 1971 1570 2004 est.
1616 1959 1703 2004 Sed
1732 1973 1994 2019 quamquam
2012 1958 2224 2021 Gylippus
2257 1961 2387 2021 patris

628 2021 909 2064 Cleandtidae
943 2039 1013 2065 eos
1047 2021 1387 2074 commonefecit,
1428 2040 1514 2082 quo
1545 2022 1652 2065 duce
1687 2037 1892 2080 prospera
1926 2020 2035 2063 bella
2074 2022 2282 2079 gesserint
2313 2023 2391 2065 ad-

629 2100 772 2128 versus
804 2084 1070 2137 Tarentinos,
1101 2085 1318 2137 Lucanos,
1354 2084 1621 2137 Terinenses,
1657 2093 1796 2127 tamen
1829 2099 1875 2127 re
1907 2082 2061 2127 infecta
2094 2083 2267 2127 Thuriis
2303 2084 2392 2128 dis·

626 2146 749 2191 cessit
779 2145 847 2190 Ol
867 2146 981 2200 XCI,
1009 2149 1052 2191 3.
1083 2146 1223 2190 medio
1257 2146 1357 2190 anni
1390 2157 1588 2208 tempore.
1620 2145 1755 2190 Thuc.
1782 2145 1981 2199 V1,104.
2043 2145 2129 2189 Sed
2164 2157 2387 2207 postquam

628 2209 860 2271 Syracusas
893 2209 1019 2262 venit,
1052 2208 1139 2252 fere
1172 2209 1370 2255 universa
1395 2209 1538 2253 Sicilia
1570 2207 1761 2270 partibus
1787 2208 1876 2267 ejus
1899 2207 2086 2262 accessit,
2115 2226 2201 2270 quo
2231 2210 2388 2254 factum

625 2283 701 2328 est,
733 2282 779 2316 ut
802 2271 1123 2316 Atheniensium
1140 2283 1273 2317 status
1299 2272 1344 2316 in
1372 2271 1462 2316 dies
1487 2272 1754 2317 decresceret.
1793 2269 2098 2349 Eurymedon
2087 2271 2138 2316 lis
2159 2271 2239 2316 sub
2262 2272 2389 2317 finem

626 2334 813 2394 ejusdem
845 2335 944 2378 anni
971 2334 1096 2398 (περὶ
1128 2333 1262 2387 φιλίου
1294 2336 1473 2407 τραπεὶς
1500 2355 1590 2385 τας
1618 2333 1898 2397 χειμερινας)
1927 2334 2070 2377 decem
2104 2351 2231 2378 naves
2261 2336 2389 2380 domo

627 2396 822 2450 adduxit,
864 2400 1001 2455 major
1032 2399 1155 2441 etiam
1190 2397 1334 2442 classis
1372 2398 1603 2458 parabatur
1633 2397 1786 2456 (Qshuc
1813 2398 2043 2453 Vll‚16.‚)
2087 2414 2266 2457 quacum
2300 2398 2389 2442 De·

625 2459 866 2503 mosthenes
898 2476 992 2502 vere
1026 2460 1125 2502 anni
1160 2461 1297 2519 quarti
1329 2460 1598 2532 Olympiadis
1631 2461 1740 2504 XCI.
1777 2459 1940 2517 Aegina
1974 2414 2113 2502 solvitq.
2137 2460 2277 2505 Thuc.
2299 2461 2390 2515 Vll,

627 2522 701 2568 26.
764 2521 821 2565 At
854 2520 1006 2565 Thurii
1039 2539 1125 2565 non
1155 2539 1367 2565 commum
1399 2523 1586 2566 omnium
1624 2538 1831 2566 consensu
1866 2519 2098 2583 Gylippum
2131 2522 2390 2583 rejecerant:

628 2583 883 2628 factionibus
905 2584 1017 2627 enim
1038 2584 1146 2628 cives
1175 2584 1534 2639 distendebantur,
1561 2601 1741 2646 quarum
1767 2584 1894 2627 altera
1917 2583 2244 2629 Atheniensibus
2272 2586 2390 2643 faxit,

627 2646 846 2705 Spartanis
894 2646 1037 2690 altera.
1105 2647 1213 2690 Casu
1257 2647 1442 2707 quodam
1477 2647 1739 2708 prohibitum
1778 2656 1860 2697 est,
1909 2646 2132 2705 quominus
2177 2649 2264 2707 jam
2297 2659 2386 2691 tum

627 2706 818 2752 Thurii
809 2726 853 2751 in
884 2708 1333 2754 Lacedaemoniorum
1345 2721 1485 2770 partes
1513 2709 1762 2755 transirent:
1801 2679 2053 2753 fallebantur
2086 2709 2195 2754 enim
2226 2709 2278 2753 de
2306 2726 2389 2753 nu-

628 2786 746 2816 mero
774 2769 966 2823 navium,
999 2786 1101 2830 quas
1135 2771 1347 2842 Gylippus
1375 2788 1517 2816 secum
1551 2771 1692 2816 duxit.
1732 2769 1798 2815 sin
1831 2781 2089 2831 compertum
2127 2771 2387 2826 habuissent,

626 2833 802 2878 classem
829 2850 920 2893 eJus
951 2804 1066 2876 haud
1100 2833 1290 2893 exiguam
1321 2850 1424 2890 esse,
1455 2833 1605 2896 procul
1635 2833 1766 2878 dubio
1795 2833 1920 2878 factio
1944 2832 2121 2877 Athenis
2148 2834 2386 2879 adversaria
