2960 3714
1343 320 1413 367 219

506 434 798 496 probaverim:
834 434 1103 495 cognovimus
1133 434 1317 495 quidem,
1349 433 1622 494 Protagoram
1655 435 1709 479 ad
1740 434 1784 479 id
1810 450 1977 496 quoque
2002 433 2142 479 studia
2171 451 2244 481 sua

510 497 787 549 convertisse,
828 507 874 541 ut
916 507 1045 541 artem
1087 496 1342 557 reipublicae
1381 496 1734 542 administrandae
1775 497 1944 542 doceret
1979 496 2103 554 (Plat.
2134 498 2247 543 Prot.

500 575 542 618 p.
569 559 676 612 318,
707 563 781 619 e.)‚
820 571 859 604 et
891 558 1006 619 apud
1037 558 1269 618 Diogenem
1301 554 1346 602 in
1380 557 1579 617 Catalogo
1611 559 1814 605 librorum
1844 560 1934 620 ejus
1964 559 2154 605 nonnulli
2181 559 2244 605 le-

497 630 676 678 guntur,
717 638 822 683 quos
867 620 920 664 de
953 620 1095 664 eadem
1129 636 1174 664 re
1194 618 1477 680 conscripsit:
1520 620 1596 664 sed
1628 622 1711 665 sive
1743 623 1925 666 Thurios
1957 623 2139 681 primum
2168 623 2242 667 illo

495 698 594 726 usos
626 683 755 727 fuisse
798 683 937 741 legum
982 682 1216 736 conditore,
1257 682 1409 726 deinde
1444 682 1692 727 Charondae
1734 682 1843 741 leges
1877 684 2111 738 admisisse,
2155 686 2241 729 sive

492 743 751 804 Protagorae
795 745 848 789 ab
874 744 925 789 iis
954 745 1220 789 commissum
1254 762 1342 789 esse
1384 756 1610 789 statuemus
1653 756 1698 789 ut
1736 744 1847 804 leges
1894 746 2138 790 Charondae
2182 747 2240 792 ad

492 821 568 849 sua
612 817 799 866 tempora
844 807 1201 859 accommodaret,
1237 818 1458 867 utrumque
1502 808 1682 865 graviori
1728 817 1827 849 teste
1869 807 2096 850 admodum
2137 820 2239 866 eget.

492 867 680 921 Accedit,
713 868 828 927 quod
868 869 1120 927 Protagoras
1157 885 1243 911 non
1286 880 1380 913 ante
1424 869 1666 912 defunctum
1710 867 1907 912 Periclem
1943 867 2119 912 Athenis
2153 870 2239 914 dis-

492 928 665 974 cessisse
707 930 871 974 videtur
911 932 964 988 (v.
998 931 1222 990 Bergkium
1257 929 1281 974 l.
1311 931 1367 990 l.).
1430 931 1625 975 Fortasse
1672 947 1720 973 eo
1757 929 1966 974 nitebatur
2002 930 2238 975 Heraclidis

449 1039 451 1041 v
489 989 658 1044 sabula,
700 992 814 1051 quod
855 993 1107 1051 Protagoras
1135 1004 1221 1036 tum
1253 993 1297 1035 in
1332 993 1424 1035 aliis
1461 993 1602 1035 Italiae
1640 1003 1678 1035 et
1707 992 1871 1035 Siciliae
1911 993 2109 1045 urbibus,
2147 1005 2237 1036 tum

490 1053 667 1096 maxime
699 1054 870 1097 Thuriis
898 1054 1062 1098 scholas
1096 1054 1274 1097 instituit
1305 1054 1586 1113 sophistarum
1621 1071 1734 1096 more
1765 1054 1816 1096 de
1835 1054 2034 1096 munibus
2055 1054 2237 1113 publicis

493 1123 533 1157 et
558 1114 786 1158 similibus:
829 1116 869 1159 J.
899 1115 1066 1160 Geelius
1100 1116 1151 1159 de
1181 1114 1420 1177 Pythagora
1454 1115 1559 1159 illud
1593 1115 1646 1158 ab
1666 1115 1884 1158 Heraclide
1919 1115 2075 1158 dictum
2105 1116 2236 1159 fuisse

491 1176 725 1234 suspicatus
760 1188 820 1220 est
848 1177 892 1220 in
925 1177 1017 1221 hist.
1051 1178 1139 1222 crit.
1170 1177 1354 1237 Sophist.
1388 1178 1508 1234 (Nov.
1542 1177 1631 1221 Act.
1658 1177 1750 1221 Soc.
1782 1176 2157 1234 Rheno-Traject,
2184 1179 2236 1221 Π.

488 1252 529 1294 Ρ.
548 1239 654 1295 77.),
683 1239 798 1296 quod
830 1249 1003 1296 propter
1032 1250 1265 1298 temporum
1298 1238 1574 1281 diversitatem
1621 1250 1745 1295 negat
1777 1239 1973 1287 Brandis,
2005 1239 2099 1281 hist.
2132 1239 2235 1299 phil.

487 1300 521 1350 1,
553 1300 655 1342 525.
689 1299 814 1356 Πίος.
840 1299 974 1342 Laert.
1007 1301 1119 1352 VIII,
1156 1300 1195 1351 1,
1231 1301 1321 1342 15.:
1360 1297 1545 1348 ἄλλους
1584 1318 1639 1347 τε
1680 1300 1892 1347 πολλοὺς
1934 1300 2237 1360 (Pvthagoras)

487 1360 623 1407 κατοὶ
654 1360 742 1416 τῆν
766 1358 983 1408 Ἰταλίαν
1016 1357 1396 1422 ἀπεργάσασθαι
1428 1358 1607 1408 καλούς
1622 1380 1678 1408 τε
1695 1359 1779 1408 καὶ
1795 1347 2020 1418 α’*γαθουῖ
2048 1358 2236 1426 ἄνδρας·

487 1417 615 1483 α’τοὶρ
644 1420 726 1468 καὶ
757 1418 1003 1469 Ζάλευκον
1031 1420 1113 1467 καὶ
1145 1417 1402 1483 Χαρώνδαν
1434 1421 1538 1469 τούς
1570 1421 1846 1480 νομοθέτας.
1893 1422 2045 1465 Jambl.
2074 1423 2125 1465 de
2155 1425 2234 1467 vita

486 1480 608 1541 Pyth.
634 1483 725 1531 VII,
757 1483 793 1536 ἓ.
814 1484 908 1524 33.;
950 1482 1250 1540 (Pythagoras)
1295 1508 1355 1516 —
1389 1483 1670 1543 ἐλευθέρους
1708 1482 1899 1548 {volneri
1923 1510 1985 1517 —
2018 1482 2236 1546 Σύβαριν

486 1539 570 1591 καῖ
611 1539 840 1594 Κατ-α’νκν
884 1541 968 1590 καὶ
1009 1540 1193 1600 Ῥήγιον
1236 1568 1295 1577 -
1334 1542 1417 1591 καὶ
1460 1540 1629 1593 ἄλλας
1670 1561 1800 1592 τινας
1841 1546 1912 1592 αἱς
1955 1543 2040 1593 καὶ
2077 1543 2234 1605 νόμους

486 1603 634 1651 ἔθετο
668 1599 743 1650 διοὶ
779 1599 1011 1664 Χαρώνδα
1053 1609 1134 1652 τοῦ
1180 1605 1458 1651 Καταναῖον
1497 1604 1579 1650 καὶ
1621 1604 1872 1652 Ζαλεύκου
1913 1610 1997 1652 τοῦ
2036 1608 2237 1670 Λοκροῦ.

489 1664 549 1706 Cf.
578 1666 736 1715 XXIII,
767 1666 802 1720 ἓ.
830 1664 930 1709 104.
972 1667 1161 1719 XXVII,
1193 1667 1230 1723 ἕ.
1255 1667 1354 1710 130.
1392 1667 1529 1718 ΧΧΧ,
1557 1667 1721 1724 §.172
1798 1665 2004 1727 Porphyr.
2055 1667 2106 1712 de
2149 1668 2232 1713 vita

485 1724 606 1787 Pyth.
632 1726 706 1772 21.
739 1725 895 1770 Seneca
929 1742 991 1787 ep.
1018 1727 1105 1770 XC.

1216 1847 1249 1885 C
1264 1861 1288 1885 Α
1299 1862 1322 1885 r
1335 1861 1360 1886 u
1372 1860 1397 1884 ’r
1422 1846 1498 1885 Ill.

816 1929 989 1969 D1T10.
1045 1930 1395 1971 COMMERCIA.
1449 1927 1557 1969 RES
1585 1928 1893 1969 MILITARIS.

613 2033 765 2094 Amplo
800 2034 1088 2096 Sybaritarum
1128 2052 1228 2093 agro
1254 2034 1508 2079 Thuriorum
1550 2031 1654 2074 fines
1701 2032 1803 2091 quin
1848 2032 2062 2093 aliquanto
2098 2051 2231 2094 angu-

490 2095 636 2139 stiores
664 2096 840 2150 fuerint,
880 2096 1054 2140 dubium
1088 2114 1174 2140 non
1208 2108 1279 2141 est.
1342 2098 1441 2141 Post
1471 2093 1665 2157 Sybarim
1699 2093 1876 2137 excisam
1908 2096 2055 2155 partim
2091 2097 2229 2151 vicini,

486 2157 680 2216 inprimis
711 2159 886 2201 victores
920 2159 1207 2212 Crotoniatae,
1249 2176 1394 2217 agrum
1429 2156 1674 2201 latissimum
1709 2168 2034 2214 occupaverunt,
2072 2159 2226 2215 partim

487 2218 579 2261 Itali
613 2220 694 2279 ipsi
724 2220 885 2279 priores
919 2238 1062 2264 eorum
1088 2220 1274 2264 locorum
1307 2219 1480 2271 incolae,
1508 2218 1580 2278 qui
1602 2234 1728 2276 quum
1750 2234 1771 2259 a
1793 2217 1997 2277 Sybaritis
2019 2218 2226 2264 strictiore

489 2279 692 2324 laxioreve
725 2282 900 2340 imperio
919 2293 1169 2335 tenerentur,
1197 2294 1282 2327 tum
1302 2299 1448 2326 rursus
1466 2281 1529 2324 sui
1547 2279 1649 2338 juris
1674 2278 1769 2322 facti
1792 2289 1900 2322 sunt.
1934 2278 1999 2323 Ol.
2011 2279 2227 2335 LXXVII,

485 2345 518 2386 2
566 2342 747 2402 Rhegini
790 2343 834 2387 in
876 2361 977 2403 agro
1026 2344 1279 2408 Sybaritano
1325 2345 1559 2387 Buxentum
1611 2339 1857 2392 condidere,
1923 2341 2050 2401 paulo
2105 2353 2226 2387 antea

490 2404 754 2449 Crotoniatae
787 2423 835 2449 eo
859 2423 991 2466 usque
1023 2408 1217 2449 videntur
1248 2407 1468 2465 imperium
1496 2420 1618 2447 suum
1652 2402 1905 2453 extendisse,
1947 2414 1992 2446 ut
2023 2404 2153 2447 Laum
2186 2417 2226 2449 et

487 2464 682 2509 Scidrum
717 2485 740 2511 a
768 2467 952 2527 reliquiis
985 2468 1272 2530 Sybaritarum
1313 2466 1489 2511 incultas
1523 2474 1682 2508 vastare
1716 2474 1979 2508 conarentur.
2043 2465 2226 2511 Thurini

486 2526 617 2583 igitur
643 2544 730 2570 non
763 2529 852 2572 sine
878 2546 1030 2588 magna
1060 2529 1320 2574 contentione
1353 2528 1575 2586 multisque
1601 2524 1720 2567 bellis
1740 2535 1899 2584 partem
1919 2525 2097 2584 aliquam
2133 2529 2225 2586 agri

487 2586 728 2650 Sybaritani
757 2606 1004 2649 recuperare
1035 2601 1236 2652 poterant.
1296 2590 1336 2634 A
1365 2587 1706 2634 Crotoniensibus
1744 2585 1909 2647 Hyliam
1941 2586 2113 2631 fluvium
2141 2600 2226 2633 ter-

488 2650 648 2693 minum
677 2651 945 2695 constitutum
973 2653 1123 2706 fuisse,
1151 2653 1350 2696 docemur
1382 2668 1429 2696 ex
1457 2650 1589 2694 Thuc.
1614 2650 1710 2700 VII,
1741 2650 1814 2693 35.
1877 2648 2011 2691 Porro
2039 2649 2225 2697 Thurios

486 2712 776 2756 Terinensium
809 2730 954 2771 agrum
987 2716 1190 2775 attigisse,
1228 2732 1276 2758 ex
1307 2712 1415 2758 bello
1461 2729 1554 2756 cum
1598 2709 1692 2766 illis,
1722 2708 1847 2769 paulo
1888 2720 1985 2769 post
2017 2710 2224 2758 coloniam

487 2773 709 2819 deductam
742 2785 856 2834 gesto
887 2774 1029 2820 elucet.
1090 2777 1158 2822 Ab
1192 2775 1385 2837 aquilone
1421 2775 1475 2819 ad
1507 2771 1718 2818 Siritidem
1748 2782 1858 2814 terra
1887 2787 2031 2816 eorum
2062 2775 2223 2833 adjace-

485 2834 581 2887 bat,
626 2838 678 2880 de
712 2854 794 2896 qua
828 2837 1081 2898 aliquantum
1117 2855 1209 2884 cum
1242 2837 1481 2881 Tarentinis
1515 2843 1748 2887 certarunt,
1779 2833 1932 2878 deinde
1964 2852 2220 2881 communem

1658 2911 1685 2949 7
