2797 3661
1283 305 1344 353 11

453 432 616 479 autem,
647 419 770 481 cujus
802 415 930 480 paulo
962 428 1057 478 post
1085 417 1226 463 sedem
1259 429 1547 473 mutaverunt,
1586 419 1794 481 Apollinis
1826 421 1998 467 oraculo
2030 438 2186 466 renun-

450 483 582 537 ciam,
627 499 782 527 nomen
826 479 996 525 Thuriis
1036 480 1121 525 sive
1152 481 1315 525 Thurio
1357 481 1536 525 inditum
1576 492 1647 525 est.
1708 483 1795 527 Sed
1837 501 1922 528 non
1958 485 2014 528 ita
2054 484 2186 528 multo

448 556 546 608 post
577 545 725 590 urbem
755 544 1018 590 constitutam
1047 542 1251 587 seditione
1284 552 1423 587 exorta
1444 542 1675 604 Sybaritae,
1707 545 1779 606 qui
1807 545 1889 589 sibi
1921 546 2016 607 plus
2049 563 2185 608 aequo

449 619 733 667 arrogassent,
775 606 935 667 expulsi
963 615 1085 656 sunt,
1125 605 1300 665 ipsaque
1345 604 1487 649 civitas
1526 606 1768 651 contii-mata
1799 608 1918 652 novis
1952 625 1973 652 e
2007 609 2185 654 Graecia

448 669 608 717 colonis
650 670 873 716 advocatis.
935 666 1060 711 Diod.
1079 667 1174 720 ΧΠ,
1202 667 1357 712 9-11.
1388 666 1541 711 Strabo
1576 669 1644 721 VI,
1673 668 1778 714 414.
1839 670 2027 715 Priorem
2068 671 2183 715 illam

447 733 654 778 coloniam
679 742 889 793 spectant,
926 730 997 790 qui
1030 728 1244 774 Archonte
1286 729 1539 774 Callimacho
1575 730 1759 775 Thurios
1794 732 1986 776 conditos
2025 750 2183 778 memo-

446 807 541 841 rant
563 795 748 855 (Corsini
781 795 893 838 Fast.
923 793 1008 837 Att.
1028 791 1100 843 ΙΙΙ,
1122 793 1227 836 210.
1255 791 1338 852 at),
1363 793 1614 852 posteriores
1635 792 1820 847 colonos,
1848 794 1921 854 qui
1951 794 2007 838 ad
2037 795 2184 838 Praxi-

444 858 565 902 telem
596 857 851 901 Archontem
882 853 988 898 illud
1018 853 1204 898 referunt
1232 859 1286 912 (e.
1317 872 1357 914 g.
1388 855 1545 899 Meurs.
1565 856 1693 900 Lectt.
1714 856 1798 900 Att.
1818 855 1864 909 4,
1890 857 1960 901 15.
1987 856 2182 902 Larcher.

444 917 600 964 Herod.
632 929 659 963 t.
681 918 714 973 1,
746 934 789 978 p.
809 917 943 972 LIV.).

570 981 691 1038 Quae
724 997 850 1039 quum
884 978 962 1021 levi
999 987 1136 1021 tractu
1170 976 1538 1029 delineaverimus‚
1578 977 1704 1037 paulo
1749 978 2024 1023 subsistamus
2058 990 2181 1039 atque

443 1042 498 1087 ad
531 1053 763 1103 temporum
799 1040 980 1085 rationes
1018 1038 1253 1083 accuratius
1292 1038 1589 1083 describendas
1635 1050 1936 1083 convertamur.
1995 1040 2063 1082 ‘In
2097 1057 2182 1100 quo

441 1104 632 1165 inprimis
676 1118 959 1165 repugnamus
1003 1099 1239 1154 Voemelio‚
1282 1100 1354 1161 qui
1399 1117 1536 1161 nuper
1580 1100 1721 1144 libello
1763 1100 2035 1145 scholastico:
2079 1106 2181 1157 Quo

441 1185 565 1213 anno
617 1170 660 1213 T
656 1170 779 1211 hurii
833 1167 1004 1210 conditi
1054 1167 1167 1217 sint,
1224 1161 1428 1207 Praxitele
1479 1162 1713 1216 Archonte‚
1775 1163 1841 1208 Ol.
1872 1164 2103 1217 LXXXIV,
2142 1165 2180 1209 1.

443 1243 478 1270 a.
510 1228 606 1271 Chr.
636 1227 743 1270 444.
788 1226 957 1269 colonos
1011 1224 1066 1266 ad
1115 1225 1262 1267 urbem
1316 1225 1580 1268 condendam
1628 1225 1769 1268 statuit
1823 1226 2033 1284 profectos
2089 1242 2179 1270 esse

440 1306 481 1349 p.
503 1289 535 1333 4
564 1306 654 1350 sqq.
716 1287 872 1331 Nititur
902 1286 1011 1330 enim
1053 1284 1221 1329 duobus
1250 1284 1378 1339 locis,
1421 1285 1575 1345 quibus
1609 1284 1660 1329 de
1698 1285 1779 1330 vita
1818 1286 1968 1348 Lysiae
2001 1288 2178 1331 oratoris

439 1351 599 1409 agitur,
657 1349 852 1410 Dionysii
908 1347 1287 1391 Halicarnassensis
1341 1356 1381 1390 et
1430 1347 1611 1391 auctoris
1652 1348 1747 1392 Vitt.
1778 1349 1818 1390 X
1860 1359 2002 1401 crath,
2058 1365 2179 1408 quos,

440 1412 596 1471 quippe
646 1410 716 1469 qui
762 1411 807 1452 in
848 1409 926 1451 hac
972 1408 1253 1465 disputatione
1304 1408 1481 1451 maxime
1539 1409 1723 1462 valeant,
1784 1410 1895 1454 infra
1952 1411 2178 1470 adscripsi-

438 1488 532 1515 mus
555 1473 605 1529 1)'.
669 1469 756 1527 Qui
791 1484 890 1512 sane
922 1467 1131 1519 efficiunt,
1171 1468 1339 1529 Lysiam
1373 1468 1439 1512 Ol.
1461 1469 1696 1523 LXXXIV,
1722 1471 1762 1515 1.
1794 1472 1983 1515 Thurios
2016 1473 2176 1516 venisse

436 1549 523 1577 una
563 1548 656 1576 cum
697 1530 791 1575 aliis
831 1528 989 1574 colonis
1030 1545 1051 1572 e
1084 1530 1261 1573 Graecia
1303 1530 1346 1573 in
1389 1530 1568 1574 eundem
1609 1531 1747 1574 locum
1790 1533 2177 1590 commigrantibus.

437 1594 523 1639 Sed
557 1611 651 1649 eos,
693 1610 798 1653 quos
839 1593 985 1653 Lysias
1027 1591 1245 1635 comitatus
1278 1602 1361 1646 est,
1402 1609 1490 1635 non
1523 1592 1681 1651 primos
1713 1592 1862 1647 fuisse,
1912 1594 1983 1654 qui
2024 1612 2176 1640 novam

436 1655 642 1701 coloniam
689 1653 936 1708 conderent,
986 1653 1274 1712 gravissimum
1315 1652 1495 1696 Diodori
1543 1654 1823 1698 testimonium
1862 1655 2004 1708 docet,
2052 1673 2176 1716 quem

436 1717 648 1779 quomodo
680 1716 906 1760 sententiae
942 1715 1022 1759 sibi
1053 1715 1273 1773 adoptatae
1304 1714 1585 1760 conciliaverit
1615 1719 1661 1760 V.
1683 1716 1762 1770 D.‚
1803 1734 1916 1762 nunc
1950 1717 2178 1764 videamus.

437 1780 652 1823 Diodorus
681 1778 790 1822 enim
822 1778 924 1821 haec
963 1776 1088 1820 habet
1119 1778 1215 1829 XII,
1252 1777 1345 1820 10:
1384 1771 1573 1840 ὕστερον
1607 1778 1759 1827 ἔτεσιν
1792 1777 1916 1828 ὀκτώ
1949 1779 2058 1842 πρός
2086 1784 2177 1831 τοῖς

434 1838 732 1896 πεντήκοντα
770 1837 1015 1888 Θετταλοῖ
1050 1835 1305 1895 συνῴκισαν
1342 1837 1424 1885 καὶ
1462 1836 1563 1898 μετ’
1598 1838 1755 1897 ὀλίγον
1786 1838 1874 1888 v‘vrd
1906 1847 2173 1903 Κροτωνια-

435 1907 528 1953 τῶν
581 1901 822 1963 ἐξέπεσον,
875 1900 1020 1947 πέντε
1062 1900 1214 1947 ἔτεσιν
1262 1894 1447 1961 ὕστερον
1495 1903 1578 1947 τοῦ
1620 1896 1829 1963 δευτέρου
1875 1906 2173 1959 συνοικισμοῦ,

434 1964 569 2014 uara?
611 1963 714 2012 τούς
748 1959 1066 2018 ὑποκειμένους
1096 1958 1300 2023 καιρούς,
1346 1957 1420 2008 ἐπ’
1450 1956 1675 2037 {lexov-ros
1706 1956 1743 2009 δ’
1772 1960 2006 2023 Ἀθήνῃσι
2028 1967 2175 2012 Καλ-

434 2023 647 2084 λιμάχου
686 2022 975 2087 συνῳκίσθη,
1019 2020 1103 2070 καὶ
1144 2021 1268 2079 μετ-οἰ
1300 2020 1463 2085 &paxu
1507 2024 1881 2079 μετασταθεῖσα
1924 2027 1984 2073 εἰς
2021 2022 2175 2086 ἕτερον

433 2086 573 2137 τόπον
605 2105 648 2135 κ.
666 2105 708 2134 τ.
726 2088 774 2133 λ.
818 2083 992 2145 Sybaris
1022 2083 1150 2143 igitur
1178 2082 1317 2127 denuo
1351 2100 1375 2127 a
1399 2083 1650 2128 Crotoniatis
1678 2101 1818 2130 eversa
1841 2086 2055 2131 Archonte
2079 2086 2171 2131 Cal-

546 2215 587 2266 1)
630 2217 795 2266 Dionys.
825 2218 913 2253 Hal.
940 2216 1026 2253 Jud.
1051 2216 1144 2265 Lys.
1169 2216 1222 2252 in.
1251 2216 1341 2252 Vol.
1363 2217 1414 2253 V.
1444 2230 1483 2264 p.
1497 2217 1586 2253 ⁴52.
1619 2216 1772 2253 Reisk.:
1810 2215 1973 2259 Λυσίας
2009 2236 2061 2244 ——
2096 2218 2170 2266 ἔτη

434 2266 722 2308 πεντεκαίδεκα
756 2263 930 2319 γεγονώς
954 2270 1012 2312 εἰς
1040 2266 1240 2316 Θουρίους
1263 2265 1387 2320 ᾤχετο
1414 2266 1549 2305 πλέων
1579 2263 1655 2306 συν
1680 2263 1865 2314 ἀδελφοῖς
1890 2266 1997 2310 δυσὶ,
2023 2280 2169 2305 κοινω-

433 2317 566 2377 νήσων
593 2322 664 2368 τῆς
694 2314 911 2366 ἀποικίας,
943 2317 997 2370 ἢν
1020 2320 1208 2358 ἔστελλον
1233 2313 1461 2368 Ἀθηναῖοί
1495 2332 1541 2356 τε
1579 2319 1641 2357 καὶ
1672 2314 1696 2368 ἦ
1728 2314 1831 2367 ἄλλη
1863 2311 2021 2362 Ἐλλᾶς
2048 2316 2168 2357 δωδε-

434 2385 540 2411 κατω
574 2365 773 2421 πρότερον
806 2373 885 2409 ἔτει
916 2370 994 2412 τοῦ
1020 2370 1415 2419 Πελοποννησιακοῦ
1448 2369 1644 2417 πολέμου.
1698 2370 1806 2405 Alter
1834 2370 1941 2405 locus
1970 2370 2010 2405 in
2039 2370 2169 2407 Reisk.

436 2412 629 2460 orr.'Vol.
652 2423 717 2467 Vl,
739 2435 780 2482 p.
798 2425 882 2460 104.
909 2436 958 2459 ex
985 2422 1199 2459 certissimis
1229 2422 1317 2458 VV.
1344 2421 1434 2457 DD.
1461 2420 1789 2458 emendationibus
1819 2421 1872 2457 ita
1902 2421 2061 2468 legitur:
2101 2435 2169 2470 ye-

435 2470 613 2522 νόμενος
636 2469 872 2524 Ἀθηνησιν
892 2475 956 2513 ἐπὶ
985 2472 1223 2516 Φιλοκλέους
1250 2469 1469 2524 ἄρχοντος,
1494 2472 1571 2511 τοῦ
1594 2470 1701 2523 μετὰ
1727 2472 2024 2522 Φρασικλείδην
2049 2470 2167 2521 (lege-

436 2525 549 2562 batur
577 2515 798 2574 Φρασικλῆ)
827 2521 929 2565 κατά
957 2520 1004 2564 τὸ
1033 2520 1221 2573 δεύτερον
1241 2527 1331 2567 ἔτος
1356 2524 1429 2573 τῆς
1452 2520 1719 2584 ὀγδοηκοστῆς
1742 2524 1849 2573 (libri
1870 2525 1934 2564 καὶ
1960 2523 2165 2575 δευτέρας)

434 2569 720 2625 Ὀλυμπιάδος
747 2589 783 2614 κ.
801 2590 837 2614 τ.
853 2578 888 2615 λ.
914 2586 950 2615 et
973 2585 1123 2626 postea:
1149 2575 1235 2615 ἐπεὶ
1261 2574 1302 2614 δὲ
1330 2572 1407 2625 τῆν
1432 2577 1490 2620 εἰς
1508 2576 1697 2627 Συβαριν
1723 2572 1920 2616 ἀποικίαν
1944 2571 2022 2625 τήν
2042 2572 2165 2614 ὕστε-

436 2641 509 2679 ρον
540 2627 740 2674 Θουρίους
766 2633 1154 2679 μετονομασθεῖσαν
1185 2626 1370 2665 ἔστελλεν
1404 2622 1430 2675 ἦ
1468 2624 1607 2671 πόλις,
1648 2627 1771 2679 ᾤχετο
1808 2647 1859 2655 --
1892 2629 1964 2675 ἔτη
1988 2622 2166 2675 γεγονώς

435 2677 736 2724 πεντεκαίδεκα,
762 2679 827 2717 ἐπὶ
845 2679 1119 2728 Πραξιτέλους
1146 2674 1354 2742 ἄρχοντος.
1393 2676 1497 2714 Idem
1517 2679 1654 2726 legitur
1676 2681 1714 2714 in
1739 2678 1873 2715 Photio
1894 2677 1977 2714 cod.
1993 2677 2164 2725 CCLxl‚

434 2733 575 2781 p.489.
603 2731 740 2768 Beck.:
776 2726 852 2780 τὴν
880 2734 937 2774 εἰς
967 2729 1025 2770 Συ
1060 2745 1151 2781 αριν
1185 2730 1380 2769 αποικίαν
1406 2726 1648 2779 στελλούσης
1673 2730 1746 2778 τῆς
1781 2726 1934 2773 πόλεως
1960 2726 2086 2782 ᾤχετο
2110 2753 2163 2760 -

433 2787 524 2827 ἔτος
559 2783 602 2823 δὲ
630 2781 996 2822 πεντεκαιδέκατον
1022 2798 1106 2841 ηχε.
1139 2782 1248 2820 Suid.
1264 2795 1345 2821 sar.
1362 2780 1542 2843 Λυσίας·
1571 2802 1621 2810 -
1655 2776 1830 2833 γεγονώς
1856 2780 1898 2821 δὲ
1924 2783 2026 2823 ἐτῶν
2050 2781 2099 2822 ιε’
2122 2785 2164 2827 ἐς

437 2833 639 2885 Θουρίους
664 2831 786 2886 ᾤχετο
821 2854 872 2862 -
910 2848 1164 2883 κοινωνησων
1191 2834 1262 2884 τῆς
1287 2829 1494 2877 ἀποικιας.

1653 2896 1713 2935 2*
