2867 3702
1666 0 2867 131 ἡ

1296 341 1358 387 17

460 465 604 522 Itaque
626 479 755 523 quum
776 462 958 523 primum
981 462 1149 523 quidem
1171 461 1329 507 colonis
1356 462 1399 506 in
1424 462 1564 506 animo
1594 461 1754 517 fuisset,
1789 461 1985 523 Sybarim
2018 461 2194 506 deletam

458 525 695 568 restituere:
742 525 861 568 aliter
896 525 946 568 iis
986 524 1144 585 placuit
1184 534 1354 584 accepto
1381 524 1589 583 Apollinis
1620 522 1790 568 oraculo
1833 524 2105 580 (commode,
2145 533 2195 568 ut

455 589 651 641 videtur,
683 590 861 631 invento
892 590 959 631 ad
988 589 1362 631 Crotoniatarum
1397 589 1551 629 studia
1584 596 1627 629 et
1656 588 1849 629 consilia
1885 587 2057 642 infesta
2095 588 2197 630 elu-

457 650 621 700 denda,
653 650 730 706 qui
760 650 809 692 in
840 657 989 693 vetere
1019 650 1116 692 loco
1135 648 1292 691 urbem
1316 649 1495 690 restitui
1522 648 1742 691 vetabant.
1803 647 1940 709 Heyn.
1961 646 2118 707 Opusc.
2135 648 2194 700 11,

456 724 495 769 p.
519 709 651 768 139.)‚
683 705 753 758 ὅτι
804 704 877 756 δεῖ
909 707 1068 757 κτίσαι
1109 706 1253 755 πόλιν
1294 706 1459 756 αὐτούς
1508 711 1558 755 ἐν
1590 704 1743 770 τούτῳ
1784 713 1853 771 τῷ
1883 707 2040 772 τόπῳ,
2082 705 2194 757 ὅπου

455 771 713 826 μέλλουσιν
742 772 878 819 οἰκεῖν
906 771 998 826 μέτ
1026 790 1088 819 ιον
1119 765 1236 832 ὕδωρ
1262 769 1489 823 πίνοντες,
1533 765 1714 846 α’μετξῆ
1745 762 1792 818 δὲ
1824 767 1981 829 μα’,ζαν
2006 765 2192 821 ἔδοντες·

454 831 577 877 Diod.
622 832 726 886 XII,
768 832 839 876 10.
881 831 932 875 cf.
964 831 998 875 P
1032 841 1084 876 ot.
1113 833 1290 891 p.263‚
1335 832 1382 874 9:
1425 831 1604 895 Μέτρῳ
1644 826 1762 892 ὕδωρ
1799 831 2027 884 πίνοντες,
2079 832 2195 890 α’με.

454 892 529 956 τρὶ
568 889 617 942 δὲ
653 891 811 952 μάζαν
851 888 1029 942 ἔδοντες
1070 894 1147 951 (sic
1189 893 1420 936 emendavit
1462 893 1539 936 Th.
1572 892 1777 950 Bergkius
1819 891 2040 936 lectionem
2079 891 2194 951 α’με-

453 955 584 1019 τρία,
634 953 904 999 confirmante
942 954 1122 999 Arsenio
1152 953 1255 999 Viol.
1293 972 1334 1016 p.
1367 957 1458 999 353
1492 953 1671 1014 Walz.)‚
1715 946 1843 1004 οὗτος
1885 952 1906 1002 ὁ
1939 955 2100 1014 στίχος
2131 955 2195 1005 εἷς

454 1017 702 1081 παροιμίαν
738 1018 955 1080 περιέστη
988 1018 1043 1067 ἔκ
1076 1036 1191 1067 τινος
1221 1022 1450 1079 χρησμοῦ,
1490 1014 1538 1065 ὃν
1570 1015 1804 1064 α’νεῖλενὸ
1836 1016 1949 1066 θεὸς
1980 1017 2195 1080 Συβαρῖ.

452 1099 580 1136 ταις,
618 1078 841 1142 ὑβρισταὶ
875 1080 969 1141 *γάρ
1011 1077 1138 1129 ὅντες
1175 1080 1261 1128 καὶ
1295 1077 1612 1140 α’μετροπόται
1650 1075 1902 1126 οἷπώλοντο
1945 1075 2032 1126 ὑπὸ
2071 1083 2193 1141 Κρο-

453 1145 712 1191 τωνιατῶν·
752 1144 846 1192 τοῖς
875 1134 952 1190 οὖν
977 1136 1278 1205 διαφυγοῦσιν
1308 1139 1466 1189 αὐτῶν
1492 1137 1635 1189 οὕτως
1654 1136 1886 1202 ἐχρήσθη.
1950 1139 2080 1198 Quod
2127 1141 2195 1184 dei

453 1220 700 1263 responsum
729 1204 941 1263 quomodo
973 1204 1024 1246 iis
1057 1204 1260 1255 evenerit,
1307 1202 1400 1245 vide
1433 1219 1501 1261 ap.
1533 1201 1772 1245 Diodorum
1802 1201 1829 1246 l.
1853 1201 1878 1244 l.
1906 1202 1981 1259 10).
2044 1205 2192 1263 Itaque

452 1265 548 1308 urbi
581 1265 635 1307 ad
677 1265 963 1323 propinquum
1006 1264 1144 1308 locum
1187 1264 1296 1308 circa
1336 1263 1494 1307 fontem
1526 1262 1728 1307 Thuriam
1767 1261 1990 1306 translatae
2034 1280 2190 1309 nomen

453 1323 665 1386 aliquanto
698 1334 794 1385 post
820 1341 869 1369 ex
897 1341 944 1369 ea
970 1324 1216 1369 indiderunt
1240 1325 1510 1368 Thuriorum.
1572 1325 1638 1367 De
1669 1324 1788 1381 cujus
1821 1326 2097 1369 exstructione
2127 1327 2189 1370 la-

450 1388 532 1431 tius
564 1388 722 1445 egimus
750 1387 792 1429 in
825 1388 1054 1446 prooemio.
1117 1387 1381 1441 Strabonem,
1414 1387 1486 1446 qui
1518 1397 1615 1444 post
1638 1384 1885 1428 seditionem
1920 1385 2088 1430 demum
2122 1405 2191 1431 ex-

451 1460 583 1493 ortam
612 1447 838 1508 pulsosque
874 1447 1090 1510 Sybaritas
1132 1447 1279 1491 urbem
1321 1464 1429 1492 nova
1466 1447 1564 1492 sede
1607 1446 1850 1492 collocatam
1891 1446 2102 1508 perhibet,
2144 1461 2191 1495 ut

450 1510 614 1553 diversa
644 1508 888 1552 colonorum
919 1509 1193 1553 deductorum
1233 1519 1420 1569 tempora
1459 1510 1632 1552 omnino
1675 1509 2000 1553 confundentem
2033 1528 2054 1553 e
2084 1511 2189 1555 Dio-

450 1572 555 1614 doro
587 1570 883 1628 corrigendum
915 1587 1003 1613 esse
1036 1571 1284 1614 censuimus.

572 1631 699 1676 Haud
731 1631 906 1676 multum
934 1649 1031 1676 vero
1071 1632 1292 1693 temporis,
1332 1630 1471 1691 pergit
1493 1630 1710 1675 Diodorus
1742 1631 1848 1684 XII,
1882 1632 1974 1686 11.‚
2012 1649 2188 1678 concor-

453 1694 522 1739 dia
554 1694 733 1754 perstitit
758 1694 954 1739 Thuriis:
998 1711 1096 1739 nam
1138 1695 1210 1755 qui
1242 1704 1418 1737 veterem
1447 1693 1645 1755 Sybarim
1667 1692 1951 1746 incoluerant,
1998 1711 2116 1739 suam
2149 1707 2191 1741 et

450 1756 597 1799 urbem
638 1767 678 1799 et
719 1767 869 1799 terram
911 1773 999 1799 esse
1045 1756 1347 1807 existimantes,
1403 1755 1576 1797 omnino
1612 1756 1799 1814 majora,
1846 1773 1972 1815 quam
2010 1774 2189 1818 aequum

450 1829 558 1871 erat,
589 1818 682 1878 jura
713 1817 794 1862 sibi
826 1817 1102 1862 vindicarunt.
1122 1816 1220 1861 add.
1241 1816 1412 1862 Aristot.
1445 1815 1529 1876 pol.
1549 1818 1598 1869 V,
1628 1819 1670 1859 2.
1696 1816 1824 1861 Schn.
1843 1834 1885 1878 p.
1904 1819 2003 1863 156.
2038 1819 2189 1866 Goettl.

452 1882 596 1940 Itaque
628 1879 943 1923 vehementibus
975 1879 1084 1922 inter
1115 1879 1209 1923 illos
1243 1889 1282 1922 et
1314 1877 1593 1937 adscriptitios
1625 1877 1795 1923 colonos
1829 1881 1980 1924 exortis
2014 1893 2186 1927 conten-

451 1942 662 1995 tionibus,
703 1941 922 2003 Sybaritae
954 1957 1129 1985 numero
1161 1940 1402 2000 viribusque
1434 1939 1651 1984 inferiores
1684 1941 1770 1983 fere
1798 1957 1941 1985 omnes
1970 1944 2186 1988 trucidan-

452 2015 541 2057 tur,
565 2003 713 2062 reliqui
736 2003 840 2046 urbe
872 2002 1097 2061 pelluntur.
1158 2002 1209 2045 Id
1239 2003 1354 2061 quod
1393 2002 1549 2046 sactum
1582 2013 1642 2046 est
1662 2001 1875 2047 Archonte
1896 2003 2072 2049 Athenis
2102 2007 2188 2069 Ly-

454 2064 682 2110 simachide
716 2063 785 2106 Ol.
817 2063 1049 2116 LXXXIII,
1082 2062 1127 2105 4.
1158 2063 1283 2105 Diod.
1315 2064 1410 2114 XII,
1441 2066 1524 2107 22„

572 2129 620 2170 In
652 2142 831 2185 quorum
862 2125 1001 2170 locum
1032 2124 1129 2168 novi
1160 2135 1208 2169 ut
1238 2124 1319 2168 sibi
1351 2141 1373 2168 e
1392 2123 1569 2168 Graecia
1591 2122 1902 2169 adducerentur
1932 2125 2081 2181 coloni,
2111 2145 2187 2189 pe-

452 2189 605 2232 tierunt
631 2187 823 2231 Thurini.
885 2186 1160 2230 Athenienses
1187 2186 1344 2230 interea
1373 2203 1411 2230 a.
1441 2186 1547 2231 445.
1610 2186 1876 2232 Euboeenses
1906 2199 1945 2232 et
1966 2190 2188 2247 Megaren-

452 2266 537 2303 ses,
569 2248 640 2310 qui
671 2248 928 2302 defecerant,
959 2263 1106 2292 rursus
1136 2248 1430 2306 subjecerunt,
1462 2265 1556 2292 cum
1587 2248 1904 2309 Peloponnesiis
1936 2261 2085 2304 autem,
2113 2253 2187 2313 qui

452 2313 497 2356 in
522 2311 699 2355 Atticam
725 2310 1002 2355 Plistoanacte
1035 2310 1141 2354 duce
1175 2310 1426 2370 irruperant,
1455 2327 1600 2371 pacem
1633 2310 1676 2353 in
1706 2310 1873 2369 triginta
1907 2327 2040 2357 annos
2066 2314 2189 2374 pepi-

453 2390 561 2433 gere.
604 2372 655 2418 cf.
697 2391 802 2433 quos
848 2371 993 2417 laudat
1030 2371 1208 2417 Clinton.
1252 2373 1363 2417 Fast.
1404 2372 1508 2417 Hell.
1537 2375 1603 2429 ΙΙ,
1635 2372 1691 2416 ad
1721 2389 1757 2418 a.
1786 2372 1894 2418 445.
1932 2385 1972 2419 et
2007 2392 2049 2436 p.
2080 2378 2189 2424 258.

452 2433 617 2481 Deinde
649 2434 897 2499 Thucydide
926 2434 1122 2479 Melesiae
1154 2434 1184 2478 f.
1217 2444 1414 2478 testarum
1458 2434 1672 2493 suffragiis
1702 2451 1749 2478 ex
1781 2434 1888 2479 urhe
1918 2436 2042 2497 pulso
2070 2438 2184 2483 solus

451 2496 632 2543 Pericles
672 2515 759 2541 rem
800 2498 1011 2557 publicam
1053 2497 1287 2555 gubernare
1325 2496 1474 2556 coepit.
1498 2496 1607 2541 Plut.
1631 2497 1724 2541 Per.
1760 2498 1831 2542 16.
1861 2498 1995 2545 Thuc.
2025 2501 2078 2553 II,
2110 2502 2183 2547 65.

575 2560 721 2619 Itaque
756 2559 827 2620 qui
859 2560 943 2620 jam
983 2558 1116 2621 priori
1156 2557 1343 2604 coloniae
1383 2558 1579 2622 Sybarim
1619 2558 1892 2604 deducendae
1938 2562 2183 2608 acerrimum

452 2620 635 2667 studium
679 2620 973 2680 impendisset,
1014 2621 1191 2665 libenter
1221 2621 1419 2665 satisfecit
1448 2622 1656 2665 Thurinis
1688 2639 1801 2666 nunc
1841 2624 1978 2666 denuo
2014 2623 2186 2669 colonos

454 2702 476 2728 a
505 2700 548 2727 se
574 2682 822 2743 petentibus.
902 2683 1081 2743 Egregie
1111 2683 1210 2727 favit
1241 2699 1373 2727 novae
1400 2682 1587 2728 coloniae
1616 2682 1861 2739 mittendae,
1906 2683 2023 2745 quod
2054 2702 2186 2747 quum

559 2861 626 2915 10)
651 2863 810 2913 Ignarra
833 2859 863 2898 1.
885 2859 913 2898 1.
938 2866 1131 2909 comparat
1155 2860 1294 2900 Ezech.
1320 2861 1358 2908 4,
1388 2864 1449 2901 11.
1476 2865 1539 2900 16.
