2933 3792
1483 390 1554 437 ⁴0

646 502 764 566 quod
804 517 925 561 aegre
963 500 1254 558 concedimus,
1298 500 1424 544 verba
1456 498 1541 550 ἕως
1567 498 1773 564 α’Φεῖσαν
1804 520 1849 549 τ.
1882 519 1934 561 χ.
1971 519 2096 563 posse
2129 502 2181 547 de
2216 501 2397 565 expulsis

646 565 916 628 optimatibus
950 563 1149 622 intelligi,
1183 564 1255 624 qui
1288 562 1377 608 lieri
1410 564 1569 624 potuit,
1602 563 1638 608 si
1668 562 1916 608 seditionem
1951 580 1975 606 a
2007 565 2268 627 Philosopho
2299 582 2398 610 nar-

644 640 773 674 ratam
806 626 861 670 ad
892 643 986 670 eum
1019 643 1201 679 annum,
1231 644 1316 688 quo
1345 626 1513 671 Siculus
1539 627 1761 689 Sybaritas
1790 626 1941 686 ejectos
1974 626 2123 679 tradit,
2153 630 2401 683 reseramus,

645 691 698 736 ad
729 689 775 734 id
807 700 994 749 tempus,
1043 689 1161 749 quod
1194 688 1300 734 duas
1332 690 1651 734 Atheniensium
1686 689 1872 734 colonias
1905 688 2160 742 intercessit,
2200 702 2245 736 ut
2277 692 2398 753 plebs

644 754 729 814 jam
773 769 852 796 usu
886 751 1036 796 bellico
1072 751 1198 796 fuerit
1238 753 1485 796 exercitata?
1536 753 1612 797 Sin
1645 770 1743 796 vero
1781 751 2072 815 Sybaritarum
2118 749 2263 810 sugam
2305 771 2401 799 cnm

644 814 984 859 Wachsmuthio
1018 814 1073 858 ad
1106 815 1314 875 posterius
1346 825 1511 876 tempus
1545 814 1822 868 retulerimus,
1855 814 1960 858 illud
1993 813 2143 866 obstat,
2174 814 2291 874 quod
2318 827 2405 860 sta-

648 888 734 927 tum
767 878 1033 921 Thuriorum
1081 877 1285 920 seditione
1328 877 1404 920 ista
1450 877 1661 921 turbatum
1698 877 2027 921 Atheniensibus
2060 892 2228 920 causam
2270 876 2403 921 fuisse

646 941 857 992 vidimus,
898 956 974 982 cur
1010 938 1179 982 alteram
1215 939 1422 983 coloniam
1458 939 1524 985 Ol.
1545 941 1777 993 LXXXIV,
1813 941 1834 984 1
1866 950 1904 984 et
1936 943 1979 983 2.
2011 937 2277 983 deducerent.

772 999 999 1060 Quomodo
1042 1010 1177 1044 autem
1221 1018 1452 1062 paucorum
1486 1001 1671 1063 potentia
1711 1002 1768 1046 ita
1801 1000 2044 1055 invaluerit,
2084 1011 2249 1062 praeter
2290 1000 2407 1055 alias,

644 1080 748 1124 quas
781 1080 910 1123 supra
943 1064 1294 1117 monstravimus,
1324 1082 1495 1118 causas,
1527 1066 1650 1109 etiam
1682 1064 1799 1110 locus
1830 1064 2068 1108 Aristotelis
2101 1063 2299 1120 declarat,
2331 1064 2406 1124 qui

644 1125 773 1188 paulo
795 1125 906 1170 infra
938 1125 1139 1186 sequitur,
1173 1137 1212 1170 et
1241 1144 1363 1188 quem
1385 1127 1440 1171 ad
1466 1137 1628 1189 tempus
1661 1127 1908 1173 seditionem
1939 1124 2086 1187 populi
2120 1142 2250 1186 supra
2283 1141 2408 1169 enar-

644 1200 776 1234 ratam
819 1188 1070 1233 antecedens
1105 1189 1371 1235 referendum
1405 1208 1492 1235 esse
1536 1190 1764 1236 rectissime
1796 1190 1960 1236 videtur
1986 1188 2176 1253 Heynius
2213 1188 2407 1235 sensisse.

642 1251 940 1296 Adolescentes
986 1252 1095 1294 enim
1139 1254 1355 1306 nonnulli,
1399 1253 1515 1296 haud
1561 1255 1690 1298 dubie
1735 1271 1783 1298 ex
1823 1253 2062 1305 nobilibus,
2107 1252 2197 1311 lege
2242 1251 2404 1313 perlata

643 1314 840 1366 effecere,
873 1324 918 1357 ut
948 1313 1205 1367 institutum,
1237 1333 1320 1374 quo
1355 1316 1522 1359 vetitum
1557 1327 1666 1369 erat,
1698 1333 1750 1360 ne
1780 1316 1874 1376 quis
1904 1316 2013 1359 intra
2046 1315 2233 1375 quinque
2266 1330 2401 1359 annos

644 1376 867 1437 imperium
906 1374 1085 1419 militare
1120 1386 1347 1436 repeteret,
1392 1377 1688 1436 abrogaretur:
1730 1395 1814 1439 quo
1849 1378 1958 1421 facto
1989 1393 2086 1420 mox
2126 1375 2406 1437 popularibus

644 1439 847 1482 institutis
882 1437 973 1480 aliis
1016 1448 1112 1496 post
1140 1438 1219 1480 alia
1257 1439 1403 1481 solutis
1434 1449 1518 1481 tota
1552 1439 1789 1497 respublica
1828 1439 1872 1480 in
1913 1455 2146 1497 paucorum
2179 1439 2410 1496 potentiam

645 1500 769 1543 venit.
834 1501 883 1543 ln
917 1515 1001 1559 quo
1033 1497 1321 1542 difficultatem
1361 1499 1573 1559 quandam
1610 1499 1732 1551 facit,
1778 1499 1894 1559 quod
1927 1499 1979 1542 ab
2012 1498 2233 1542 Aristotele
2267 1498 2410 1542 adole-

644 1572 805 1607 scentes
849 1560 909 1605 illi
950 1560 1085 1624 παραὶ
1120 1565 1188 1625 τῷ
1218 1559 1409 1615 πλήθει
1444 1566 1538 1611 τῶν
1570 1564 1773 1633 φρουρῶν
1812 1556 2152 1619 εὐδοκιμοῦντες
2197 1560 2408 1608 dicuntur.

643 1625 844 1668 Aretinus
877 1623 1003 1665 verba
1037 1626 1130 1671 τῶν
1194 1628 1356 1687 ρουρῶι·
1384 1624 1507 1683 plane
1537 1625 1688 1677 omisit,
1722 1624 1789 1667 cui
1818 1624 1921 1683 quin
1950 1623 2155 1666 adsentiat
2177 1622 2409 1666 Schneide-

645 1704 741 1738 ms,
775 1684 891 1729 haud
923 1684 1100 1728 multum
1135 1702 1157 1728 a
1193 1696 1275 1728 est:
1322 1686 1500 1745 explicat
1538 1697 1676 1729 tamen
1714 1685 1765 1729 de
1801 1684 2013 1745 praesidio
2053 1685 2322 1744 optimatum,
2356 1684 2412 1728 ad

647 1752 770 1806 cujus
813 1764 986 1807 operam
1019 1746 1164 1790 utilem
1206 1746 1391 1791 suturam
1425 1748 1469 1791 in
1501 1748 1684 1792 consiliis
1718 1747 1805 1792 suis
1840 1747 2113 1807 exsequendis
2145 1757 2183 1790 et
2216 1746 2259 1790 in
2293 1756 2412 1807 pote-

648 1820 753 1855 state
791 1808 1105 1868 oligarchorum
1138 1809 1371 1867 frangenda
1405 1809 1499 1853 illos
1528 1810 1769 1870 respexisse.
1833 1810 1897 1852 De
1929 1809 2131 1852 militibus
2163 1809 2411 1868 optimatum

647 1872 863 1933 praesidio
904 1870 1121 1915 conductis
1164 1871 1434 1914 Kortuemius
1477 1889 1645 1933 quoque
1687 1870 1896 1915 intellexit.
1971 1871 2106 1915 Nobis
2138 1880 2277 1914 tamen
2310 1870 2411 1930 (nisi

647 1935 754 1979 forte
788 1950 883 1978 cum
916 1933 1091 1977 Aretino
1125 1933 1333 1993 ejicienda
1366 1936 1482 1991 sunt)
1515 1935 1650 1992 magis
1682 1933 1861 1993 placuit,
1897 1933 2013 1992 quod
2046 1932 2408 1977 VVachsmuthius

646 1999 680 2050 I,
714 2000 757 2049 2,
788 1998 894 2040 325.
931 1995 1119 2055 speciose
1163 1995 1363 2055 conjecit,
1408 2005 1564 2039 certum
1599 1995 1809 2056 quendam
1850 1994 1999 2038 civium
2033 2011 2255 2037 numerum
2285 2011 2410 2054 prae-

648 2059 772 2118 cipue
806 2058 867 2100 rei
899 2057 1069 2100 militari
1103 2057 1332 2101 destinatos
1366 2058 1516 2109 fuisse,
1559 2058 1693 2116 iisque
1726 2074 1878 2100 nomen
1915 2061 2010 2106 τῶν
2051 2061 2253 2119 φρουρῶν
2296 2056 2408 2100 indi-

648 2132 749 2166 tum.
819 2118 974 2164 Milites
1019 2129 1208 2163 externos
1252 2119 1305 2164 ab
1347 2119 1618 2180 optimatibus
1660 2119 1871 2181 praesidio
1915 2135 1994 2163 suo
2033 2118 2265 2163 conductos
2307 2135 2410 2174 esse,

646 2183 814 2228 videtur
854 2182 953 2225 viris
996 2181 1130 2225 doctis
1172 2182 1278 2226 illud
1319 2183 1496 2226 maxime
1540 2183 1807 2243 probavisse,
1846 2181 1962 2242 quod
2002 2198 2130 2241 supra
2163 2182 2409 2225 Aristoteles

648 2246 829 2290 dixerat:
867 2242 890 2292 ὅ
922 2239 971 2292 δὲ
1005 2239 1140 2302 δῆμος
1171 2249 1265 2293 τῶν
1296 2249 1497 2308 φρουρῶν
1522 2245 1710 2304 ἐγένετο
1739 2265 1770 2294 κ
1800 2243 1989 2299 εἴτ-των,
2021 2243 2136 2304 quod
2170 2243 2221 2288 de
2249 2243 2410 2304 praesi-

649 2309 720 2354 dio
753 2306 958 2352 nobilium
995 2322 1018 2349 a
1053 2304 1175 2366 plebe
1201 2318 1399 2367 superato
1431 2318 1691 2368 acceperunt.
1788 2306 1841 2351 ed
1870 2305 2093 2351 maluimus
2124 2324 2216 2351 cum
2243 2307 2409 2371 Heynio

647 2371 699 2415 de
733 2370 835 2413 locis
864 2369 1164 2412 munitioribus
1198 2371 1432 2432 (φροῦραι)
1462 2370 1702 2429 intelligere.
1737 2370 1866 2427 Quod
1887 2380 2025 2412 tamen
2045 2370 2408 2413 Wachsmuthius

647 2432 779 2484 addit,
808 2443 896 2475 tum
928 2430 1119 2484 demum,
1153 2448 1282 2491 quum
1318 2448 1548 2490 paucorum
1582 2431 1802 2493 imperium
1833 2431 2101 2476 constitutum
2129 2442 2247 2484 esset,
2272 2431 2408 2490 magi-

648 2505 804 2540 stratus
849 2509 897 2536 ex
935 2509 1063 2538 censu
1100 2491 1250 2537 electos
1295 2510 1408 2547 esse,
1452 2495 1576 2539 nobis
1610 2513 1696 2539 non
1733 2494 1961 2556 probatur,
2005 2509 2142 2554 neque
2173 2492 2409 2538 Aristotelis

649 2568 759 2603 certe
791 2555 931 2599 verbis
960 2555 1125 2599 videtur
1154 2555 1408 2601 confirmari.

773 2618 913 2679 Supra
944 2617 1147 2671 diximus,
1186 2636 1265 2663 nos
1298 2619 1423 2679 plane
1456 2619 1675 2678 ignorare,
1713 2636 1797 2680 quo
1833 2629 2020 2679 tempore
2052 2616 2270 2678 popularis
2303 2617 2409 2677 reip.

650 2682 785 2725 forma
814 2680 1004 2724 restituta
1031 2680 1104 2723 sit:
1139 2680 1206 2726 Ol.
1229 2682 1354 2734 CXV,
1372 2681 1415 2725 4.
1443 2699 1675 2742 paucorum
1702 2682 1924 2742 imperium
1950 2680 2202 2733 obtinuisse,
2231 2681 2407 2724 fortasse

651 2742 849 2804 probabit
880 2742 997 2787 locus
1028 2742 1208 2787 Diodori
1240 2745 1358 2797 XIX,
1387 2746 1453 2788 3.:
1493 2761 1541 2788 eo
1575 2744 1684 2788 enim
1719 2761 1832 2788 anno
1862 2742 2106 2803 optimatum
2142 2742 2268 2787 factio
2304 2742 2409 2785 Cro-

652 2816 749 2850 tone
781 2804 951 2865 expulsa
982 2804 1138 2849 bellum
1174 2807 1331 2866 patriae
1359 2806 1548 2851 intulisse
1582 2807 1758 2859 dicitur,
1805 2809 1859 2855 ἐκ
1888 2805 2086 2870 Θουρίων
2119 2802 2413 2868 ὁρμήσαντες.

791 2867 853 2909 Ex
886 2867 1197 2925 magistratibus
1230 2869 1490 2912 Thuriorum
1531 2869 1711 2912 duorum
1745 2868 1867 2912 nobis
1905 2879 2065 2913 servata
2099 2878 2197 2911 sunt
2226 2865 2411 2919 nomina,
2932 2888 2933 2915 ι

653 2926 917 2990 σύμβουλοι
963 2938 1003 2973 et
1050 2929 1310 2992 στρατηγοί
1368 2929 1468 2975 Illos
1519 2930 1856 2975 commemoravit
1897 2927 2140 2974 Aristoteles
2184 2939 2231 2973 ut
2270 2927 2408 2987 legum
