2987 3717
1522 349 1595 396 30

682 481 811 527 quam
843 465 895 509 ab
927 461 1238 522 antiquioribus
1264 461 1415 507 incolis
1454 473 1641 523 repetere
1672 462 1819 507 maluit
1848 466 2039 527 Heynius
2070 485 2111 529 p.
2127 467 2257 523 245„
2287 477 2372 513 not.
2394 485 2437 521 σ,

684 529 776 573 sine
807 525 937 570 dubio
968 524 1195 569 rectissime
1231 525 1338 569 fecit.
1389 524 1642 588 Dionysium
1673 543 1697 569 a
1726 526 1965 569 Tarentinis
2001 542 2262 590 acceperunt.
2316 531 2437 589 Quae

685 591 737 635 de
765 589 899 631 sorma
930 586 1185 647 reipublicae
1219 586 1508 632 Heracleensis
1535 605 1582 632 ex
1619 588 1770 632 tabulis
1801 587 1963 633 Heracl.
1989 588 2211 645 discimus,
2252 593 2307 638 ad
2336 593 2440 638 libe-

682 667 773 696 rum
808 653 900 709 ejus
934 649 1054 693 urbis
1086 661 1238 694 statum
1268 650 1469 711 pertinet,
1511 667 1587 695 nec
1618 651 1717 695 satis
1751 650 1900 711 liquet,
1939 661 2144 711 quantum
2178 668 2323 699 eorum
2356 666 2440 701 sta-

684 713 753 759 tim
787 730 837 757 eo
870 723 1084 774 tempore,
1126 731 1212 774 quo
1255 713 1419 759 colonia
1461 713 1685 759 constituta
1716 725 1799 767 est,
1843 712 2021 758 valuisse
2063 714 2332 760 statuendum
2375 718 2440 763 sit.

681 775 880 835 Legimus
909 793 1120 819 summum
1154 777 1441 836 magistratum
1474 777 1603 821 fuisse
1636 794 1767 838 penes
1796 777 2012 838 Ephorum
2045 793 2317 839 eponymum,
2350 779 2439 822 sin-

683 838 794 898 gulis
822 839 946 882 annis
975 838 1202 882 delectum:
1247 839 1764 898 inferiores'magistratus
1783 851 2163 883 commemorantur
2191 839 2442 893 Polianomi,

680 918 789 963 quos
833 918 925 946 cum
966 900 1187 960 praefectis
1234 900 1410 944 urbanis
1453 901 1744 947 Romanorum
1794 901 2076 955 contendunt,
2123 912 2162 946 et
2204 901 2439 961 sitagertae‚

684 964 849 1023 utrique
883 974 921 1006 et
950 962 1032 1022 ipsi
1066 961 1220 1006 annui:
1253 963 1398 1006 itidem
1422 979 1474 1006 >ex
1504 963 1659 1007 tabulis
1679 964 1902 1017 docemur,
1934 965 2082 1025 populi
2110 965 2241 1009 fuisse
2274 963 2442 1009 comitia

683 1022 1015 1082 (κατάκλπτος
1055 1022 1202 1082 α’λῖα)
1245 1037 1284 1069 et
1324 1026 1661 1070 distributionem
1701 1027 1746 1070 in
1780 1026 1925 1070 tribus·
1954 1027 2038 1070 sive
2077 1027 2241 1089 phylas.
2317 1027 2441 1084 Quae

680 1086 904 1148 posteriori
948 1097 1134 1147 tempore
1178 1086 1264 1131 fata
1306 1087 1458 1132 obierit
1491 1088 1716 1142 Heraclea,
1772 1097 1968 1132 enarrare
2011 1105 2035 1132 a
2073 1087 2249 1132 consilio
2289 1098 2438 1132 nostro

681 1149 900 1193 abhorret:
933 1148 1274 1194 florentissimum
1304 1153 1397 1208 ejus
1427 1161 1581 1195 statum
1617 1152 1912 1209 cognoscimus
1945 1168 1992 1195 ex
2018 1151 2197 1210 egregiis
2231 1150 2440 1195 conditio-

680 1210 820 1263 nibus,
854 1210 1008 1271 quibus
1034 1212 1324 1256 Romanorum
1359 1213 1537 1272 imperio
1570 1230 1615 1258 se
1641 1213 1884 1258 subdidisse
1916 1213 2117 1259 dicuntur
2143 1212 2442 1259 Heracleenses

679 1279 768 1334 (ap.
800 1272 883 1318 Cic.
914 1271 1009 1318 loco
1043 1290 1067 1317 a
1098 1274 1306 1319 Niebuhr.
1338 1274 1452 1319 laud.
1480 1293 1540 1320 or.
1573 1292 1652 1337 pro
1685 1276 1822 1321 Balbo
1852 1278 1958 1336 22).

1389 1450 1422 1491 C
1450 1464 1483 1491 Α·
1503 1466 1526 1491 1·
1552 1465 1578 1491 u
1604 1465 1629 1490 ι·
1680 1450 1736 1490 V.

892 1532 1101 1571 TnUmI
1142 1532 1310 1571 BELLI
1350 1533 1840 1595 PELOPONNESIACI
1883 1530 2235 1573 PAR'ncn’Es.

776 1643 915 1689 Belli
954 1644 1308 1706 Peloponnesiaci
1350 1647 1535 1707 singula·
1559 1648 1756 1709 persequi
1799 1664 1929 1709 quum
1965 1663 2001 1691 a.
2021 1656 2167 1690 nostro
2207 1644 2301 1690 loco
2340 1643 2441 1689 alie·

681 1723 783 1750 num
816 1707 894 1760 sit,
933 1707 1088 1751 solum>
1112 1708 1158 1751 id
1191 1710 1495 1769 spectabimus,
1539 1728 1643 1771 quas
1679 1728 1757 1772 per
1789 1710 1869 1754 hoc
1910 1708 2064 1753 bellum
2105 1708 2256 1752 Thurii
2298 1717 2438 1768 partes

683 1768 982 1822 sustinuerint,
1014 1770 1075 1813 >ita
1109 1781 1154 1813 ut
1192 1771 1315 1814 simul
1345 1783 1502 1816 ceteras
1534 1773 1718 1831 Magnae
1752 1772 1954 1816 Graeciae
1985 1770 2111 1816 urbes
2150 1769 2439 1832 respiciamus.

683 1831 735 1874 Et
766 1848 860 1875 cum
889 1833 1093 1890 Rheginis
1124 1832 1293 1892 quidem
1326 1835 1412 1894 jam
1444 1834 1511 1879 Ol.
1530 1836 1761 1889 LXXXVI,
1785 1835 1829 1879 4.
1858 1833 2084 1894 pristinum
2116 1833 2266 1877 foedus
2293 1832 2440 1876 redin-

682 1903 865 1952 tegrasse
908 1893 1211 1952 Athenienses,
1271 1907 1448 1942 testatur
1489 1897 1710 1958 inscriptio
1752 1896 1884 1959 apud·
1913 1894 2107 1940 Boeckh.·
2130 1895 2177 1939 C.
2207 1895 2237 1939 1.
2269 1911 2310 1956 p.
2333 1895 2438 1942 110.

678 1973 771 2002 nro.
794 1960 889 2002 73.:
923 1958 1249 2003 Lacedaemonii
1281 1970 1417 2004 autem
1451 1959 1502 2004 iis
1537 1960 1794 2014 civitatibus,
1826 1975 1935 2021 quae
1964 1975 2042 2019 per
2066 1957 2228 2002 Italiam
2263 1968 2302 2002 et
2329 1957 2437 2003 Siei-

679 2018 783 2064 liam
823 2020 929 2079 ipsis
967 2019 1187 2074 favebant,
1238 2039 1363 2067 naves
1406 2023 1668 2083 imperarunt
1709 2040 1788 2083 pro
1825 2020 2118 2080 magnitudine
2159 2019 2437 2079 singularum,

678 2081 737 2125 ita
777 2091 822 2124 ut
861 2081 1113 2141 quingentae
1146 2084 1319 2128 omnino
1351 2085 1433 2128 sibi
1465 2097 1634 2145 praesto
1667 2095 1827 2138 essent,
1869 2095 1995 2144 atq-ue
2033 2082 2086 2126 ab
2119 2082 2269 2126 iisdem
2307 2100 2437 2143 pecu-

680 2143 792 2186 niam
822 2154 955 2187 ratam
983 2144 1067 2188 sibi
1099 2146 1240 2204 parari
1267 2147 1493 2206 jusserunt.
1526 2148 1659 2191 Thuc.
1684 2150 1740 2199 11,
1767 2149 1808 2190 7.
1833 2147 2067 2203 (Ducentas
2093 2145 2281 2189 triremes
2310 2145 2437 2190 habet

678 2204 895 2250 Diodorus
924 2207 1020 2259 ΧΠ,
1042 2206 1137 2265 41.)
1201 2208 1352 2252 Thurii
1381 2220 1470 2253 tum
1498 2220 1606 2253 certe
1634 2208 1964 2253 Atheniensibus
1995 2206 2145 2251 auxilia
2169 2224 2257 2251 non
2287 2206 2436 2251 viden-

676 2278 745 2311 tur
777 2267 1125 2329 suppeditavisse.
1162 2269 1223 2313 Cf.
1245 2271 1282 2313 T
1285 2271 1378 2315 huc.
1403 2271 1429 2315 l.
1449 2289 1481 2315 c.
1509 2269 1786 2331 (Ἀθηναῖοι
1819 2265 1869 2319 δὲ
1889 2295 1953 2306 ·-
1972 2273 2020 2319 ἐς
2045 2268 2113 2318 τοὶ
2142 2269 2249 2329 περὶ
2279 2272 2436 2319 Πελο-

674 2328 895 2385 πόννησον
926 2333 1125 2390 μᾶλλδν
1157 2332 1310 2397 χωρία
1340 2332 1710 2397 ἐπρεσβεύοντο).
1778 2333 1966 2377 omnim
1998 2332 2127 2376 ¹⁰¹3OE
2157 2331 2279 2386 bellis
2316 2330 2435 2393 (111οἆ

676 2392 1022 2436 Archidamicum
1053 2406 1201 2438 vocant
1232 2395 1320 2452 (Ol.
1339 2397 1591 2449 LXXXVII,
1613 2401 1655 2440 2.
1686 2413 1818 2456 usque
1845 2395 1900 2439 ad
1920 2396 2156 2446 LXXXIX,
2179 2394 2255 2450 4.),
2282 2393 2434 2438 Thurii

677 2465 866 2515 expertes
901 2454 1029 2500 fuere.
1084 2457 1190 2501 Nam
1225 2458 1394 2503 vinculo
1423 2459 1523 2503 satis
1554 2458 1647 2503 laxo
1681 2476 1752 2503 eos
1786 2476 1879 2503 cum
1905 2456 2234 2514 Atheniensibus
2265 2456 2432 2517 junctos

678 2516 828 2571 fuisse,
861 2517 949 2577 jam
981 2534 1110 2578 supra
1139 2519 1345 2564 vidimus:
1378 2522 1517 2582 itaque
1544 2522 1654 2567 inter
1686 2520 1942 2582 reliquorum
1969 2520 2231 2564 Graecorum
2261 2518 2433 2564 calami-

678 2590 780 2623 tates
814 2596 862 2623 ea
903 2581 1070 2639 requies
1114 2581 1165 2624 iis
1199 2583 1395 2640 contigit,
1437 2600 1518 2643 qua
1555 2595 1652 2644 post
1688 2584 1928 2627 turbulenta
1962 2583 2137 2626 civitatis
2167 2597 2270 2626 suae
2309 2582 2430 2626 initia

679 2641 784 2686 vires
818 2659 916 2687 suas
954 2642 1141 2704 pmpitio
1172 2644 1345 2689 numine
1382 2645 1569 2691 foverent
1608 2657 1733 2707 atque
1774 2644 1933 2689 eximiis
1966 2643 2128 2704 legibus
2170 2643 2433 2689 corroborati

680 2704 994 2764 amplificarent.
1037 2706 1157 2751 Certe
1178 2707 1282 2751 nihil
1302 2707 1502 2753 traditum
1523 2719 1604 2763 est,
1639 2725 1724 2771 quo
1747 2724 1825 2769 per
1844 2707 1922 2751 hos
1945 2724 2076 2751 annos
2098 2707 2183 2751 sive
2213 2707 2326 2752 intus
2346 2707 2432 2750 sive

680 2766 735 2811 ab
771 2768 918 2810 exteris
951 2778 1081 2813 status
1111 2786 1255 2814 eorum
1290 2771 1482 2816 turbatus
1516 2772 1582 2816 sit.
1655 2770 1818 2816 Italiam
1853 2770 2020 2832 quidem
2052 2769 2207 2815 bellum
2240 2773 2329 2830 jam
2363 2768 2429 2813 Ol.

677 2831 955 2882 LXXXVIII,
973 2833 1015 2873 2.
1044 2831 1188 2890 tetigit,
1222 2850 1350 2893 quum
1384 2834 1600 2877 Leontinis
1632 2845 1775 2878 contra
1806 2833 2095 2897 Syracusanos
2121 2831 2274 2877 auxilia
2306 2831 2432 2877 mise·

679 2904 778 2938 runt
798 2892 1102 2939 Athenienses:
1135 2895 1288 2956 apertis
1316 2896 1474 2959 quippe
1498 2895 1672 2941 auribus
1698 2913 1843 2958 preces
1872 2906 2146 2957 cognatorum
2173 2895 2431 2951 audiverant,
