2905 3746
1305 330 1374 376 59

584 449 727 505 Quum
770 464 867 491 veto
908 445 963 491 ita
997 444 1233 517 respublica
1272 446 1529 492 Thur-imum
1568 446 1621 492 ad
1664 445 1907 508 popularem
1943 455 2095 491 statum
2131 445 2204 489 de-

456 509 611 570 scripta
646 517 772 561 esset,
804 518 851 552 ut
881 509 1019 571 potius
1051 509 1308 561 timocratia,
1338 525 1463 570 quam
1494 520 1643 552 vocant
1667 511 1841 565 Graeci,
1874 510 2052 552 dicenda
2085 518 2205 559 esset,

455 575 481 616 i.
513 590 544 614 e.
579 573 798 630 imperium
839 572 1006 631 populi,
1053 572 1127 614 sed
1169 571 1341 628 majoris
1380 573 1602 615 nunmisxe
1646 591 1793 616 census
1835 572 1995 615 ratione
2038 570 2206 614 habita:

456 632 628 678 'thuriis
662 633 834 688 accidit,
867 633 910 678 id
937 631 1095 693 quod
1084 651 1127 677 m
1155 631 1366 693 plerisque
1396 631 1583 704 ejusdem
1609 634 1770 691 generis
1802 633 2035 679 civitatibus
2058 632 2205 677 evenit.

454 696 619 741 Etenim
651 697 819 742 divitiae
851 697 936 738 fere
971 694 1114 736 fundis
1141 695 1401 747 nitebantur;
1435 696 1463 737 ii
1498 706 1632 737 autem
1668 696 1864 754 paulatim
1898 698 1941 738 111
1971 696 2205 754 possessio-

454 777 548 802 nem
582 760 784 802 nobilium
818 758 1004 814 gentium
1037 768 1258 809 venerunt,
1291 759 1403 802 uude
1437 759 1681 817 optimatum
1716 758 1933 817 imperium
1968 756 2204 802 necessario

455 821 715 882 sequebatur.
780 818 829 863 Id
861 817 1073 880 quomodo
1107 793 1279 863 Thuriis
1308 819 1461 864 finctum
1496 820 1568 872 sit,
1604 819 1824 864 audiamus
1856 836 1902 862 ex
1930 820 2098 862 Alistot.
2122 818 2207 879 pol.

454 886 502 937 V,
531 885 572 935 6,
600 900 640 942 Ρ
659 884 761 926 168
795 881 969 925 (ἷοθῐῑΙά
1012 881 1186 938 σιιέβη
1219 878 1266 930 δὲ
1301 883 1354 931 τό
1398 884 1624 960 εἷρημέιον
1669 888 1716 930 ἐι
1750 884 1966 944 ΘουριΜοις
2013 877 2088 928 ὃιοὶ
2118 882 2206 939 μὲν

454 946 548 1006 γάρ
581 945 634 991 τὸ
668 943 761 992 εἷπο
794 944 1002 992 πλείονος
1036 942 1295 1002 τιμήματος
1326 965 1438 992 ειναι
1473 964 1561 993 τας
1590 942 1767 1006 α’ρχοῖς,
1799 947 1859 992 εἷς
1886 946 2098 992 ἔλαττον
2127 962 2208 1018 με·

454 1008 605 1063 τέβη,
653 1027 733 1056 και
776 1008 836 1055 εἷς
880 1004 1054 1065 α’ρχεῖοι
1099 1006 1272 1055 πλείω·
1318 1001 1392 1056 ὃιοὶ
1429 1001 1476 1055 δὲ
1518 1006 1570 1055 τό
1612 1027 1700 1062 την
1737 1005 1898 1084 χώραν
1937 1001 2052 1059 ὅλην
2098 1021 2207 1054 τους

454 1069 698 1131 ιγνωρίμους
737 1067 1110 1143 συγκτήσασθαι
1154 1088 1285 1133 παρα
1328 1069 1408 1118 τᾶν
1447 1067 1599 1128 νόμον·
1638 1088 1668 1121 υ
1706 1088 1775 1127 *γα
1841 1067 2064 1117 πολιτεία
2108 1064 2208 1113 ὄλι-

454 1132 789 1195 γαρχικωτέρει
810 1123 883 1188 ἦν
906 1151 1029 1179 ωστε
1057 1128 1221 1178 {titivm
1215 1152 1276 1179 το
1297 1135 1622 1180 πλεοιεκτεΐν·
1648 1152 1668 1179 ο
1658 1126 1737 1180 δὲ
1779 1134 1892 1189 ἦμος
1909 1126 2207 1188 §wuronc-&eis

453 1198 503 1242 ἐν
520 1198 601 1268 τῷ
635 1194 833 1269 πολέμῳ
876 1197 969 1241 τῶν
979 1198 1203 1274 φρουρῶν
1244 1194 1434 1251 ἐγένετο
1464 1193 1712 1256 κρείττων,
1755 1190 1838 1240 ἕως
1875 1190 2079 1254 ἀφεῖσαν
2121 1194 2205 1246 τῆς

456 1273 636 1318 χωρας,
671 1251 758 1304 ὅσοι
793 1242 1001 1303 πλείω
974 1275 1091 1308 ησαν
1124 1257 1326 1313 ἔχοντες.
1400 1256 1473 1298 Est
1505 1272 1605 1299 sane
1643 1255 1759 1298 locus
1793 1254 2089 1306 difficillimus,
2127 1251 2204 1296 sed

453 1328 549 1377 post
579 1316 836 1376 plaeclaram
881 1315 1126 1358 Schneideri
1171 1316 1510 1358 dilucidationem
1555 1317 1655 1359 satis
1693 1316 1908 1374 expeditus
1947 1316 2008 1371 (in
2044 1316 2203 1358 Comm.

454 1378 509 1423 ad
534 1378 662 1424 A1ist.
693 1376 776 1437 pol.
807 1394 847 1436 p.
862 1378 991 1420 317-
1013 1378 1159 1433 321.;)
1201 1393 1322 1436 quem
1353 1377 1569 1438 sequimur
1599 1378 1653 1420 ita
1687 1376 2050 1448 intelpretantem:
2092 1384 2203 1419 “res-

451 1439 621 1503 publica
654 1438 818 1483 tlansiit
846 1438 900 1482 ad
929 1438 1132 1482 min01em
1163 1455 1331 1482 censum
1367 1451 1406 1483 et
1434 1440 1488 1483 ad
1521 1439 1662 1500 plures
1694 1441 1985 1498 magistratus,
2015 1439 2039 1482 i.
2059 1455 2092 1482 e.
2116 1455 2202 1481 res-

453 1503 622 1563 publica
657 1513 696 1545 et
728 1501 993 1559 magistratus
1028 1519 1120 1546 cum
1154 1501 1367 1561 pluribus,
1414 1504 1533 1547 etiam
1569 1503 1639 1563 qui
1678 1503 1840 1547 minore
1882 1512 2018 1546 essent
2060 1518 2201 1554 censu,

453 1564 534 1610 fuit
577 1563 891 1610 communicata.
894 1563 915 1579 '⁷
987 1564 1130 1624 Itaque
1170 1581 1217 1608 eo
1258 1575 1465 1626 tempore,
1511 1566 1562 1608 de
1605 1583 1687 1626 quo
1728 1565 1914 1626 loquitur
1943 1563 2201 1617 Aristoteles,

453 1628 536 1688 jam
570 1627 786 1689 popularis
817 1637 947 1670 status
980 1637 1223 1679 evanuerat,
1278 1638 1400 1687 atque
1429 1645 1497 1679 ea,
1524 1645 1648 1687 quam
1683 1645 1809 1688 supra
1842 1628 2098 1679 notavin-‚nus
2131 1643 2201 1669 ra-

452 1690 565 1733 tione
597 1689 760 1733 nobiles
794 1700 936 1747 gentes
970 1700 1101 1733 totum
1143 1689 1365 1748 imperium
1411 1690 1695 1748 arripuerant,
1737 1689 1852 1749 quod
1892 1707 2038 1733 rursus
2079 1688 2201 1748 plebs

453 1751 534 1795 sibi
563 1750 797 1795 vindicavit.
861 1751 967 1793 Nam
1002 1767 1129 1811 quum
1171 1761 1278 1793 totus
1308 1767 1408 1808 ager
1439 1750 1695 1794 Thuriorum
1736 1752 1780 1794 in
1815 1768 1963 1794 manus
1996 1750 2203 1794 nobilium

452 1813 650 1865 venisset,
682 1823 722 1856 ct
752 1812 1019 1870 magistratus
1041 1829 1087 1855 ex
1112 1812 1262 1870 majoli
1293 1829 1419 1854 censu
1448 1812 1722 1864 deferieutur,
1758 1813 2068 1856 aristocraticus
2102 1812 2202 1855 inde

453 1875 557 1934 reip.
585 1885 716 1917 status
757 1884 967 1925 evenerat,
1022 1874 1079 1916 ita
1121 1883 1259 1916 tamen
1302 1884 1348 1915 ut
1385 1874 1518 1931 magis
1563 1874 1774 1917 accederet
1817 1875 1871 1917 ad
1914 1873 2201 1932 oligarchiam.

456 1935 684 1994 Quomodo
717 1945 853 1978 autem
885 1933 1046 1994 plebs'
1033 1951 1126 1994 Jura
1157 1951 1232 1978 sua
1266 1935 1591 1993 recuperaverit,
1624 1936 1749 1982 verba
1784 1937 1957 1988 docent,
1991 1952 2097 1995 quae
2132 1952 2200 1978 se-

457 2009 666 2058 quuntur,
697 1994 718 2044 ὁ
750 1993 798 2044 δὲ
830 1992 966 2054 δῆμος
996 2022 1053 2030 -
1084 1997 1285 2053 ἔχοντες.
1348 1996 1472 2039 Plebs
1506 1997 1635 2054 igitur
1666 1998 1767 2040 locis
1798 1998 2092 2040 munitionibus
2124 2014 2203 2055 poe

456 2061 529 2105 tita
561 2058 728 2104 extorsit
760 2057 1028 2118 optimatibus
1061 2057 1360 2100 restitutionem
1392 2074 1533 2101 eolum
1566 2076 1778 2117 agrorum,
1809 2076 1915 2119 quos
1945 2069 2110 2119 praeter
2136 2058 2205 2117 jus

456 2134 495 2167 et
526 2122 637 2181 leges
669 2120 877 2165 tenebant.
941 2120 1039 2179 Quo
1072 2130 1257 2180 tempore
1289 2119 1335 2163 id
1368 2120 1522 2165 factum
1551 2121 1626 2175 sit,
1659 2121 1784 2182 plane
1815 2123 2081 2182 ignoramus,
2128 2137 2205 2164 ne-

455 2201 536 2247 que
569 2183 773 2229 assentior
811 2183 888 2237 iis,
929 2183 1001 2244 qui
1039 2182 1256 2254 Sybaritas
1295 2195 1465 2227 censent
1506 2184 1635 2228 fuisse
1674 2184 1788 2237 illos,
1828 2202 1932 2245 quos
1957 2182 2202 2227 Aristoteles

455 2247 619 2291 exhibet
662 2246 893 2305 optimates.
973 2247 1035 2289 Ι13
1077 2245 1244 2305 quidem
1290 2246 1431 2289 statuit
1473 2248 1686 2291 Koituem.
1720 2264 1804 2291 zur
1849 2249 2200 2290 Gesch.}1elten.

455 2307 743 2367 Sectalsverffi
774 2323 814 2368 p.
837 2307 937 2351 152.
1001 2307 1189 2369 Heynius
1224 2307 1398 2351 eandem
1426 2309 1674 2351 sententiam
1706 2317 1904 2367 sequutus
1936 2307 1991 2349 ad
2023 2317 2203 2366 tempus,

455 2370 572 2430 quod
614 2369 740 2429 paulo
782 2380 877 2429 post
914 2369 1099 2412 Thurios
1143 2369 1334 2412 conditos
1373 2370 1544 2421 incidit,
1591 2387 1637 2413 ea
1679 2380 1865 2428 spectare
1908 2380 2051 2428 putat,
2093 2385 2201 2428 quae

455 2431 697 2476 A1istoteles
731 2430 956 2483 enarravit,
1001 2431 1158 2490 Opusc.
1177 2431 1230 2483 II,
1259 2447 1299 2489 p.
1327 2431 1449 2482 148.;
1503 2404 1613 2474 idem
1644 2431 1809 2474 videtur
1837 2430 2080 2474 dubitanter
2110 2448 2199 2473 am-

456 2492 580 2554 plecti
612 2494 877 2537 Tittmannus
906 2494 1212 2550 Dar-stellung
1231 2495 1272 2535 cI.
1292 2465 1476 2536 δῆθε-11.
1494 2494 1837 2553 Staatsverffp
1842 2493 1973 2537 ,498.
2007 2492 2202 2535 Wachs-

456 2555 641 2600 muthius
674 2555 843 2614 quidem
876 2556 909 2607 l,
929 2558 972 2607 2,
997 2555 1068 2599 98.
1096 2553 1150 2597 311
1173 2554 1402 2624 posteriora
1436 2565 1622 2615 tempora
1655 2555 1760 2598 illud
1788 2556 1936 2608 refert,
1980 2555 2053 2597 sed
2087 2555 2199 2599 idem

456 2617 508 2662 de
540 2616 765 2693 Syb-aritis
778 2588 981 2674 intelligit.
1040 2616 1097 2661 At
1128 2616 1199 2676 qui
1229 2616 1284 2660 ita
1316 2627 1526 2670 statuunt,
1569 2617 1762 2661 videntur
1792 2617 1914 2661 verba
1950 2614 2033 2666 ἕως
2064 2614 2202 2679 α’φεΐ.

457 2699 546 2731 σαν
577 2683 662 2736 τῆς
692 2696 848 2743 χωρας
881 2678 1000 2722 aliter
1032 2678 1233 2740 explicare
1265 2695 1312 2722 ac
1344 2679 1395 2722 de
1429 2652 1568 2737 ejeciis
1601 2680 1872 2740 optimatibus
1904 2680 2111 2737 cogitare,
2155 2690 2202 2723 ut

456 2760 551 2786 cum
578 2741 769 2784 Diodoro
798 2741 1071 2794 conveniant,
1103 2742 1174 2800 qui
1200 2742 1393 2792 X11,11.
1425 2741 1642 2801 Sybaritas
1673 2760 1891 2785 maximam
1921 2753 2081 2800 paitem
2113 2752 2201 2785 tru-

457 2803 618 2850 cidatos
649 2820 760 2857 esse,
793 2800 974 2864 reliquos
1006 2801 1165 2875 fugisse
1193 2801 1342 2857 tradit,
1377 2802 1428 2848 cf.
1456 2819 1490 2848 c
1514 2806 1588 2849 22.
1651 2803 1736 2849 Sed
1768 2802 1871 2849 mihi
1907 2803 2074 2864 quidem
2110 2819 2197 2846 cei-

456 2876 544 2911 tum
589 2877 649 2911 est
688 2867 850 2910 divelsa
882 2867 1044 2910 narrari
1076 2883 1099 2910 a
1131 2866 1323 2910 Diodoro
1355 2876 1394 2909 et
1421 2866 1663 2911 Aristotele:
1701 2884 1801 2911 nam
1831 2867 1867 2911 si
1906 2867 2197 2918 concedamus,
