2933 3744
1309 334 1378 379 23

475 451 518 496 4.
536 453 577 494 5.
620 448 804 492 Duriora
834 448 1098 492 Lucanorum
1131 464 1225 492 cum
1256 447 1426 491 Thuriis
1459 447 1712 508 reliquisque
1743 446 1885 491 Italiae
1908 446 2081 491 Graecis
2101 446 2223 500 bella,

477 526 583 572 quae
613 510 679 554 his
711 509 878 554 tandem
909 510 1075 554 exitium
1107 525 1318 571 peperere,
1351 520 1463 553 extra
1492 511 1775 569 quaestionem
1808 509 1930 553 nobis
1964 508 2225 570 propositam

475 574 625 635 jacent.
687 571 762 616 Illo
805 583 987 633 tempore
1014 583 1217 634 quantum
1249 571 1462 630 progressi
1495 571 1649 616 fuerint
1679 572 1863 625 Lucani,
1897 572 2035 632 ipsum
2065 570 2224 616 bellum

475 635 731 680 Thuriorum
761 653 853 679 cum
889 635 1190 679 Terinensibus
1224 632 1419 685 declarat,
1443 633 1557 676 unde
1587 636 1785 694 sequitur,
1816 646 1973 679 terram
2003 635 2112 679 inter
2144 634 2222 678 has

477 698 582 742 duas
610 697 734 741 urbes
768 697 957 741 nondum
991 696 1043 739 ab
1074 696 1124 738 iis
1158 704 1403 754 occupatam
1434 694 1576 738 fuisse.

599 759 751 802 Terina
784 775 913 818 quum
945 757 1285 801 Crotoniatarum
1327 766 1433 799 esset
1470 756 1656 808 colonia,
1700 766 1739 799 et
1771 756 2031 799 Crotoniatae
2054 756 2165 799 bello
2198 772 2223 799 a

476 819 646 864 Thuriis
680 818 982 863 Terinensibus
1024 817 1137 862 illato
1187 835 1305 862 suam
1345 817 1530 878 ipsorum
1578 818 1778 862 ditionem
1814 817 2002 861 viderent
2043 817 2225 876 petitam,

476 882 652 927 fortasse
684 882 739 924 ad
772 882 882 924 idem
916 892 1078 940 tempus
1110 880 1255 923 referri
1286 881 1451 940 poterit,
1479 881 1593 941 quod
1627 881 1679 924 de
1703 880 1976 943 Pythagoreis
2002 880 2225 922 Crotonem

475 943 705 988 reducibus
721 942 908 992 ,tradidit
929 941 1189 987 Jamblichus
1211 944 1253 987 in
1276 943 1356 987 vita
1379 942 1500 1006 Pyth.
1518 946 1593 997 35,
1624 945 1661 1002 ἕ.
1681 943 1806 987 264.;
1836 942 2009 999 συνέβη
2038 938 2087 990 δὲ
2119 939 2226 990 τούς

476 1005 728 1057 σωθέντας
761 1031 819 1040 -
848 1004 1162 1063 ἐμβαλόντων
1194 1010 1286 1055 τῶν
1317 1007 1516 1069 Θουρίων
1533 1007 1571 1064 ³)
1604 1005 1738 1054 κατοὶ
1770 1003 1951 1067 χώραν,
1981 1000 2226 1073 ἑκβοηθῇ-

472 1086 652 1118 σαντας
683 1065 766 1117 καὶ
794 1066 898 1127 μετ’
928 1066 1172 1125 α’λληλων
1202 1063 1586 1117 κινδυνεύσαντας
1617 1066 1910 1117 οἷποθανεῖνε
1949 1065 2025 1109 sed
2056 1064 2226 1111 difficile

478 1141 552 1184 est,
585 1130 783 1191 temporis
817 1131 1018 1175 rationem
1051 1129 1252 1184 invenire,
1285 1130 1561 1191 scriptoribus
1594 1129 1896 1174 deficientibus.

597 1194 710 1236 Haec
744 1200 872 1253 quum
902 1193 1232 1252 praeteriissent,
1278 1193 1387 1236 circa
1429 1192 1553 1236 finem
1598 1191 1864 1254 Olympiadis
1896 1189 2117 1232 LXXXIII
2148 1204 2226 1248 per

475 1271 638 1297 omnem
673 1254 833 1297 Italiam
867 1255 1078 1297 communi
1111 1271 1253 1297 omnes
1297 1271 1398 1313 pace
1428 1254 1691 1312 gaudebant,
1731 1254 1852 1313 cujus
1883 1251 2115 1310 jucundam
2150 1250 2225 1295 de-

476 1315 744 1375 scriptionem
784 1331 870 1357 non
945 1331 1086 1358 ossum
1127 1331 1214 1357 non
1247 1315 1452 1372 integram
1485 1331 1506 1357 e
1539 1315 1728 1357 Diodoro
1762 1316 1875 1371 (XII,
1905 1315 1997 1369 26.)
2025 1313 2224 1356 transcri-

473 1376 595 1420 bere:
627 1373 874 1435 Ἡσύχαζε
931 1377 953 1422 ὲ
985 1376 1071 1424 καῖ
1097 1375 1163 1423 ‘ra‘
1183 1376 1319 1423 κατοί
1342 1375 1430 1430 τήν
1460 1373 1678 1424 Ἰταλίαν
1704 1375 1827 1433 ἔθνη
1855 1373 1939 1424 καὶ
1964 1372 2227 1431 Κελτικήν,

473 1438 544 1486 ἔτι
573 1433 610 1486 δ’
641 1435 845 1499 Ἰβηρίαν
876 1436 959 1485 καῖ
989 1436 1076 1492 την
1094 1433 1259 1491 α’λλην
1290 1433 1454 1495 σχεὸὃν
1485 1434 1684 1486 εἴπασαν
1715 1437 1987 1496 οἰκουμένην.
2051 1434 2224 1499 Διόπερ

472 1498 708 1555 πολεμική
740 1499 825 1554 μὲν
854 1497 938 1544 καὶ
969 1496 1082 1557 α’ξία
1114 1495 1292 1555 μνήμης
1316 1496 1485 1560 πρᾶξις
1516 1495 1703 1556 οὐδεμία
1731 1497 2059 1553 συνετελέσθη
2090 1497 2226 1546 καταῖ

474 1556 664 1610 τούτους
697 1557 801 1607 τούς
825 1556 1031 1621 χρόνους·
1075 1556 1220 1621 εἰρήνη
1254 1555 1302 1607 δὲ
1331 1560 1416 1618 μία
1449 1562 1802 1618 συνετελέσθη,
1829 1559 1912 1608 καὶ
1943 1556 2224 1622 πανηγύρεις

477 1620 562 1671 καὶ
592 1619 791 1679 ‹im-Em,
829 1619 913 1668 καὶ
944 1620 1073 1670 θεῶν
1116 1621 1307 1676 θυσίαι,
1350 1621 1431 1670 καὶ
1468 1620 1648 1671 τοῖλλα
1689 1622 1754 1672 τοὶ
1793 1621 1901 1684 πρὸς
1934 1617 2224 1682 εὐδαιμονίαν

476 1681 713 1742 α’νη’κοντα
745 1682 877 1745 παροὶ
905 1687 1049 1732 πᾶσιν
1077 1680 1388 1742 ἐπεπόλαζεν.

599 1744 687 1789 Sed
725 1744 920 1803 periculis
963 1745 1215 1788 extrinsecus
1259 1744 1384 1788 nullis
1425 1745 1696 1802 urgentibus,
1738 1745 1889 1789 Thurii
1921 1762 2016 1789 mox
2049 1744 2224 1789 internis

475 1805 750 1850 seditionibus
782 1806 1093 1849 divellebantur.
1155 1807 1262 1849 Nam
1283 1822 1412 1865 quum
1434 1805 1519 1848 fere
1546 1807 1671 1849 totius
1694 1807 1897 1850 Graeciae
1929 1807 2093 1850 colonia
2120 1807 2224 1849 fuis-

475 1878 557 1920 set,
597 1884 748 1924 magna
783 1867 957 1910 dissidia
988 1867 1087 1909 inde
1120 1877 1218 1909 sunt
1247 1878 1409 1920 exorta,
1451 1868 1565 1926 quod
1601 1885 1700 1912 suae
1733 1868 1887 1927 singuli
1920 1869 2079 1927 patriae
2108 1867 2223 1911 colo-

475 1928 590 1972 niam
642 1927 863 1971 deductam
916 1927 1100 1972 adscribi
1152 1927 1367 1987 jubebant.
1450 1929 1587 1989 Atque
1630 1930 1815 1973 omnium
1864 1928 2220 1973 vehementissime

475 1990 751 2035 Athenienses
784 1990 893 2033 hanc
929 1990 1011 2033 sibi
1052 1989 1264 2034 vindicare
1303 1989 1554 2034 studuerunt
1587 1990 1783 2050 gloriam,
1830 2008 1958 2051 quum
2001 1991 2221 2051 plerosque

475 2052 652 2097 Athenis
685 2050 855 2095 colonos
884 2051 1043 2095 venisse
1076 2051 1398 2096 contenderent:
1439 2069 1515 2096 nec
1558 2054 1697 2098 minus
1729 2052 2010 2113 Peloponnesi
2042 2053 2223 2098 civitates

478 2114 531 2159 de
563 2113 707 2157 eodem
741 2112 1047 2172 disceptarunt,
1084 2112 1181 2156 item
1226 2112 1421 2174 reliquae.
1483 2114 1683 2159 Incidunt
1720 2114 1791 2158 illa
1824 2115 1868 2158 in
1902 2114 1969 2159 Ol.
1990 2116 2220 2170 LXXXVI,

478 2179 522 2220 3.
582 2174 772 2219 Tandem
803 2174 989 2236 Apollini
1020 2174 1225 2235 Delphico
1258 2193 1345 2219 rem
1387 2193 1505 2220 suam
1539 2177 1701 2221 deferre
1731 2177 2021 2229 decreverunt,
2062 2176 2133 2236 qui
2174 2192 2220 2219 se

476 2238 615 2298 ipsum
648 2236 834 2282 coloniae
867 2238 1124 2286 conditorem
1157 2237 1302 2283 haberi
1333 2238 1466 2299 jussit.
1530 2239 1628 2298 Quo
1659 2240 1778 2301 prior
1797 2239 1967 2284 ‘Ihuriis
1993 2237 2221 2283 concordia

477 2299 602 2353 rediit
618 2300 669 2358 4).
710 2299 835 2342 Diod.
861 2300 962 2353 XII,
991 2301 1068 2350 35.

604 2361 729 2405 Anno
761 2361 948 2421 sequenti
989 2379 1073 2406 una
1114 2378 1207 2405 cum
1252 2361 1489 2406 Tarentinis
1523 2362 1727 2407 coloniam
1760 2360 2003 2406 Heracleam
2036 2360 2221 2406 deduxe-

481 2432 600 2476 runt,
632 2422 685 2468 de
717 2440 800 2484 qua
829 2441 866 2468 v,
888 2434 1011 2485 caput
1036 2423 1282 2485 proximum.
1346 2423 1456 2468 Odia
1481 2424 1590 2469 inter
1618 2424 1693 2468 has
1726 2424 1907 2469 civitates
1940 2435 2040 2468 tunc
2072 2435 2220 2484 pacata

481 2485 692 2546 quomodo
727 2486 944 2546 posteriori
975 2496 1159 2546 tempore
1187 2486 1507 2539 resurrexerint,
1542 2486 1632 2545 lege
1663 2504 1727 2547 ap.
1745 2487 1929 2547 Appian.
1948 2486 2089 2534 Samn.
2113 2488 2153 2538 7,
2181 2488 2220 2531 1.

605 2548 699 2590 Jam
734 2564 862 2608 supra
891 2547 1046 2609 aliquot
1072 2547 1251 2592 illustres
1280 2547 1390 2592 viros
1424 2549 1721 2602 recensuimus,
1753 2549 1825 2610 qui
1857 2548 2031 2593 Thuriis
2063 2565 2217 2592 novum

481 2609 736 2656 domicilium
780 2622 1030 2670 posuerunt,
1073 2610 1353 2664 Herodotum,
1399 2611 1591 2674 Lysiam,
1641 2611 1976 2673 Hippodamum;
2031 2609 2218 2655 addendi

482 2683 599 2728 sunt,
628 2671 680 2716 de
712 2688 891 2732 quorum
919 2673 965 2718 in
993 2673 1247 2719 Thuriorum
1275 2672 1422 2718 urbem
1455 2673 1634 2718 adventu
1666 2675 1805 2719 minus
1834 2683 2024 2717 accurate
2056 2683 2219 2735 tempo-

584 2814 627 2867 3)
653 2817 868 2865 Legebatur
894 2815 1073 2867 θηρίωνε
1114 2817 1329 2858 emendavit
1356 2818 1561 2857 Kusterus.

584 2868 626 2920 4)
653 2871 765 2908 Errat
781 2869 1040 2917 casaubonus,
1060 2874 1128 2921 qui
1144 2875 1243 2909 hanc
1252 2871 1476 2909 seditionem
1488 2885 1510 2909 a
1523 2871 1710 2909 Strabone
1720 2871 1789 2917 VI,
1805 2871 1897 2909 404.
1914 2869 2016 2918 tangi
2026 2869 2215 2919 opinatur.
