2905 3712
1286 336 1355 384 55

453 451 572 495 initio
604 466 721 493 more
754 449 969 508 gnomicae
1001 454 1175 511 poe'seos
1208 452 1467 511 conscriptae
1498 451 1648 503 fuisse,
1683 451 1739 495 ita
1771 462 1817 496 ut
1850 449 2064 495 decantari
2096 467 2193 510 pos-

450 523 552 558 sent.
631 510 909 557 confirmatur
948 512 1027 558 hoc
1065 513 1186 557 etiam
1228 513 1281 557 ab
1317 513 1547 574 Hermippo
1590 513 1682 558 libr.
1704 515 1770 559 VI.
1803 513 1855 557 de
1894 511 2084 572 legislatt.
2128 529 2192 573 ap.

448 573 599 618 Athen.
627 574 741 627 XIV,
773 591 814 633 p.
838 576 942 626 619,
974 574 1041 617 b.:
1078 575 1280 617 “Athenis
1312 574 1422 633 leges
1457 577 1702 618 Charondae
1747 577 1855 619 inter
1883 575 2033 634 pocula
2067 591 2192 618 cane-

448 635 644 680 bantur'':
678 636 740 693 (in
773 635 913 679 Scolia
950 635 1219 692 redactae?);
1264 635 1337 680 ubi
1371 636 1422 682 de
1457 637 1592 681 modis
1624 637 1792 682 musicis
1827 637 2000 695 cogitari
2032 636 2189 697 nequit.

447 698 567 742 Hanc
603 696 884 742 narrationem
920 696 1083 742 videtur
1126 698 1365 760 Stephanus
1399 699 1434 743 B
1467 717 1499 746 z.
1529 715 1620 743 cum
1661 698 1751 743 loco
1795 698 2049 743 Scholiastae
2081 699 2187 744 Plat.

448 777 576 821 supra
603 760 772 803 laudato
803 765 861 820 (p.
881 760 984 803 419.
1016 760 1210 804 Bekker.:
1251 716 1505 825 Χαρώνέας
1544 765 1598 809 ἑκ
1640 760 1865 817 Κατάνης
1894 760 2076 810 πόλεως
2103 766 2189 810 Σι-

447 823 613 871 κελίας
651 818 862 880 διάσημος
903 826 995 871 τῶν
1031 820 1316 880 Ἀθήνηθεν
1356 822 1608 874 ἐλθόντων
1641 825 1702 871 εἷς
1740 822 1946 885 Θουρίους
1977 822 2187 882 ἐποίκων)

446 883 776 943 conglutinasse,
812 901 941 944 quum
973 901 1005 928 s.
1035 902 1070 928 v.
1103 882 1315 934 Κρίτανςι
1347 885 1473 946 paulo
1502 886 1734 946 perversius
1764 885 1929 930 scribit:
1977 883 2073 934 α’πδ
2104 889 2188 941 τῆς

444 945 672 1002 Κατάνης
695 942 947 1008 Χαρώνδας
976 944 998 995 ὅ
1014 941 1225 1004 διάσημος
1248 952 1339 997 τῶν
1368 952 1418 997 ὲν
1444 946 1677 1008 Ἀθήνῃσι
1707 948 1986 1007 νομοθετῶν.
2038 946 2183 1004 Quum

445 1007 583 1052 rarior
611 1008 663 1052 sit
692 1007 881 1069 loquutio
915 1011 964 1057 ἐν
992 1006 1242 1071 Ἀθήνῃσι,
1274 1009 1489 1070 Bentlejus
1523 1009 1769 1053 substituere
1803 1009 1929 1053 voluit
1961 1013 2011 1057 ἐν
2043 1012 2185 1058 Σικε-

442 1071 544 1133 λίᾳ,
574 1071 792 1113 Fabricius
822 1071 948 1130 paulo
973 1071 1172 1130 pinguius
1201 1076 1250 1119 ὲν
1282 1071 1546 1124 Κατάναις,
1578 1084 1750 1131 uterque
1772 1072 1972 1115 audacius
2006 1072 2183 1129 scripto-

440 1132 499 1175 ris
531 1131 668 1176 literas
703 1132 907 1176 deserens.
973 1133 1240 1193 Quamquam
1271 1133 1476 1192 vulgatius
1511 1145 1571 1178 est
1597 1134 1733 1178 dicere
1764 1131 2011 1194 ’Afitt'vm'h
2042 1143 2180 1176 tamen

442 1193 548 1236 illud
590 1212 755 1254 quoque
798 1195 911 1254 apud
950 1195 1172 1254 scriptores
1207 1195 1420 1238 deterioris
1464 1196 1605 1239 aetatis
1649 1214 1734 1239 non
1775 1212 1871 1238 raro
1914 1195 2049 1252 legere
2093 1210 2182 1237 me-

440 1255 567 1298 mini:
613 1255 807 1314 exemplis
842 1256 1042 1299 abstineo.
1106 1256 1236 1312 Quod
1280 1268 1414 1299 autem
1451 1258 1621 1300 omnino
1656 1257 1706 1299 de
1750 1256 1912 1314 legibus
1954 1254 2180 1315 antiquiori

439 1326 569 1358 aetate
595 1317 752 1359 cantari
786 1314 916 1358 solitis
949 1315 1075 1358 hodie
1110 1316 1364 1374 disceptatur
1401 1318 1510 1358 inter
1547 1321 1635 1358 W.
1664 1318 1772 1367 BD,
1801 1318 1881 1359 hoc
1925 1317 2122 1359 abhorret
2155 1333 2176 1358 a

440 1376 613 1421 consilio
645 1387 788 1419 nostro
816 1394 928 1419 nunc
960 1377 1192 1419 accuratius
1224 1378 1440 1436 persequi:
1472 1377 1578 1429 vide,
1611 1394 1717 1436 quae
1749 1377 1800 1420 de
1819 1376 1981 1435 legibus
1997 1376 2180 1439 Lycurgi

436 1455 460 1481 a
498 1437 745 1497 Terpandro
775 1437 817 1480 in
851 1438 1071 1481 modorum
1106 1449 1351 1481 concentum
1383 1440 1583 1482 revocatis
1627 1450 1769 1482 contra
1800 1438 2003 1482 Nitzschii
2037 1442 2084 1482 V.
2120 1437 2178 1481 Cl.

436 1499 717 1544 dubitationes
754 1499 887 1543 attulit
919 1499 971 1542 Ο.
1002 1498 1228 1543 Muellerus
1271 1500 1314 1543 in
1357 1517 1531 1545 censura
1574 1500 1666 1545 hist.
1694 1502 1814 1544 Hom.
1849 1501 1893 1544 in
1940 1503 2057 1545 tht.
2086 1503 2175 1558 gel.

434 1564 553 1607 Anz.
590 1562 722 1606 1831.
756 1577 796 1620 Ρ.
809 1562 899 1604 293
921 1578 1010 1621 sqq.
1042 1561 1094 1605 cf.
1117 1562 1646 1615 Wachsn1uth.1,1‚208.
1708 1563 1875 1606 Jacobs.
1907 1562 1950 1604 in
1985 1565 2172 1618 Encycl.

433 1633 460 1668 t.
476 1625 588 1677 XVI,
616 1640 657 1684 p.
682 1624 772 1668 178
803 1639 866 1683 sq.
894 1640 926 1667 s.
957 1641 992 1666 v.
1027 1623 1283 1668 Charondas.
1356 1625 1447 1667 Hoc
1492 1625 1631 1684 ipsum
1674 1625 1842 1685 quidem
1879 1623 2018 1682 legum
2062 1622 2172 1665 Cha-

431 1684 592 1727 rondae
619 1695 859 1727 vetustatem
893 1685 1160 1743 comprobat:
1192 1685 1307 1743 quod
1327 1702 1423 1727 vero
1452 1686 1667 1741 Bentlejus
1689 1687 1848 1743 p.361.
1879 1702 1926 1727 ex
1953 1684 2173 1742 Hermippi

430 1745 524 1790 loco
554 1746 722 1804 colligit,
754 1764 822 1791 eas
851 1745 932 1790 nisi
966 1757 1060 1790 ante
1085 1746 1321 1791 Draconem
1352 1745 1528 1791 Athenis
1557 1745 1714 1791 cantari
1747 1765 1832 1791 non
1865 1745 2071 1806 potuisse,
2104 1761 2174 1790 ve-

430 1823 549 1865 reor,
584 1817 631 1853 ut
678 1817 785 1854 recte
828 1806 1071 1870 suspicetur.
1143 1807 1326 1851 Thurios
1366 1816 1501 1852 autem
1540 1817 1579 1852 et
1620 1809 1734 1869 ipsos
1769 1808 2017 1851 Charondae
2061 1807 2172 1867 leges

433 1881 644 1921 cantasse,
682 1872 1007 1927 haudquaquam
1042 1870 1238 1912 credibile
1267 1882 1350 1920 est;
1393 1872 1422 1912 ii
1454 1872 1613 1927 potius,
1647 1889 1774 1928 quum
1808 1870 1945 1926 legum
1981 1870 2167 1912 codicem

432 1929 547 1993 apud
565 1948 609 1977 se
641 1929 947 1985 constituerent,
980 1939 1050 1975 aut
1075 1928 1117 1973 in
1140 1929 1343 1993 pedestris
1375 1930 1574 1975 orationis
1599 1930 1773 1976 sormam
1799 1946 1865 1975 eas
1893 1939 2168 1984 mutaverunt,

431 2003 503 2037 aut
525 1996 611 2056 jam
645 2003 820 2035 mutatas
853 2003 1112 2051 acceperunt.

554 2055 767 2100 Diodorus
791 2055 886 2107 XII,
915 2055 984 2098 12.
1015 2052 1146 2112 legem
1181 2052 1428 2098 Charondae
1457 2052 1606 2107 tradit,
1651 2072 1758 2114 quae
1798 2053 1880 2098 nisi
1920 2053 2028 2098 inter
2065 2069 2166 2113 spu-

429 2119 513 2163 rias
554 2117 773 2174 habenda,
812 2115 935 2160 laude
966 2125 1027 2160 est
1058 2115 1324 2175 dignissima:
1368 2116 1578 2161 constituit
1617 2118 1724 2160 enim
1768 2118 1970 2161 actionem
2013 2131 2166 2175 pravae

429 2181 635 2225 societatis
675 2196 900 2239 gravesque
939 2196 1095 2239 poenas
1136 2178 1344 2237 irrogavit.
1419 2178 1608 2222 Eandem
1658 2179 1791 2238 legem
1830 2190 1950 2239 poeta
1988 2176 2160 2237 quidam

429 2242 582 2302 jambis
612 2242 832 2302 expressit,
860 2260 930 2301 qul
962 2241 1143 2301 cap.14.
1176 2242 1402 2286 recitantur
1416 2241 1468 2298 2).

430 2387 655 2426 debuerunt.
687 2387 746 2425 Cf.
766 2386 889 2424 Strab.
910 2388 997 2432 XII,
1025 2390 1112 2424 818.
1164 2386 1225 2424 Ex
1251 2387 1438 2423 sententia
1464 2385 1503 2424 S.
1528 2384 1674 2421 Croixii
1701 2382 1899 2420 Mazaceni
1923 2396 1993 2431 per
2019 2382 2157 2418 chalci-

428 2440 534 2477 dicos
558 2440 742 2477 Thraciae
768 2441 921 2476 colonos
949 2438 1173 2476 Charondae
1201 2440 1301 2486 leges
1328 2446 1546 2487 acceperant
1572 2444 1687 2486 atque
1716 2436 1946 2473 admiserant
1974 2437 2013 2472 in
2046 2448 2152 2472 suani

427 2492 614 2533 cIvitatem
649 2501 803 2531 anctore
828 2490 1070 2530 Androdama
1097 2490 1283 2539 Rhegiuo.

529 2553 574 2605 2)
611 2556 654 2591 In
680 2556 806 2594 Scolio
834 2572 895 2606 ap.
920 2558 1007 2595 Ath.
1032 2557 1121 2600 XV,
1154 2559 1240 2598 695,
1267 2557 1328 2591 b.:
1356 2547 1570 2602 Ἀδμήτου
1597 2546 1742 2601 λόγον,
1769 2546 1799 2589 ὦ
1824 2548 1973 2609 ’varon
1998 2544 2153 2609 ,1101391137

423 2602 522 2651 «conc
547 2602 735 2657 οἷγαθούς
762 2609 891 2658 φίλει,
925 2609 1016 2649 Τῶν
1042 2607 1184 2647 δειλῶν
1209 2601 1243 2645 δ’
1257 2603 1431 2657 οἷπέχου,
1463 2599 1587 2655 γνοὺς
1615 2601 1677 2641 ὅτι
1707 2601 1849 2644 δειλοῖς
1883 2601 1999 2661 ολζγη
2023 2613 2152 2652 χαρις,

422 2660 542 2706 legem
570 2660 671 2695 illam
701 2659 929 2697 Charondae
955 2661 1001 2698 de
1027 2673 1144 2709 prava
1170 2656 1442 2696 consuetudine
1471 2655 1623 2692 vitanda
1649 2655 1838 2692 invenisse
1866 2653 1939 2689 sibi
1965 2655 2067 2690 visus
2096 2661 2153 2690 est

421 2711 617 2757 Benttejus
651 2724 689 2760 p.
706 2715 816 2757 361„
861 2714 1071 2750 rescribens
1103 2705 1326 2759 Χᾶρώνδου
1351 2705 1408 2759 (l)
1434 2703 1568 2755 νόμον
1595 2720 1632 2744 κ.
1650 2719 1686 2743 τ.
1703 2707 1738 2745 λ.
1800 2705 1953 2742 Scolion
1990 2704 2037 2741 de
2070 2704 2152 2742 Ad-

420 2772 524 2801 meto
554 2765 654 2799 inter
676 2764 909 2801 nobilissima
937 2766 1119 2802 liabetur:
1146 2762 1223 2800 vid.
1250 2762 1347 2798 11.11.
1375 2762 1412 2796 in
1442 2759 1501 2795 De
1531 2759 1568 2795 la
1594 2758 1728 2794 Nauze
1753 2772 1814 2794 sur
1839 2759 1886 2794 les
1911 2756 2080 2793 chamum
2105 2756 2150 2793 de

418 2814 602 2852 Panaima
628 2816 736 2852 Gre'ce
766 2816 805 2853 in
832 2816 949 2853 Mem.
980 2815 1026 2854 de
1053 2813 1194 2853 1’Acad.
1221 2822 1250 2851 t.
1264 2814 1332 2858 IX,
1358 2825 1397 2859 p.
1413 2815 1497 2847 333.
1539 2811 1622 2845 coll.
1651 2809 1766 2844 Dorr.
1793 2810 1827 2854 1,
1856 2812 1947 2845 320.
2001 2810 2055 2844 Ac
2081 2809 2146 2844 vix

417 2868 500 2916 ipse
526 2869 720 2915 Bentlejus
750 2870 850 2907 serio
880 2870 979 2907 hunc
1010 2872 1135 2907 locum
1160 2867 1212 2904 ita
1241 2862 1519 2903 emendandum
1546 2874 1624 2899 esse
1652 2859 1809 2901 censuit.
