<?xml version="1.0" encoding="UTF-8"?>
<!DOCTYPE html PUBLIC "-//W3C//DTD XHTML 1.0 Transitional//EN"
    "http://www.w3.org/TR/xhtml1/DTD/xhtml1-transitional.dtd">
<html xmlns="http://www.w3.org/1999/xhtml" xml:lang="en" lang="en">
 <head>
  <title>
</title>
<meta http-equiv="Content-Type" content="text/html;charset=utf-8" />
  <meta name='ocr-system' content='tesseract 3.04.00' />
  <meta name='ocr-capabilities' content='ocr_page ocr_carea ocr_par ocr_line ocrx_word'/>
</head>
<body>
  <div class='ocr_page' id='page_1' title='image "4769322_0071.png"; bbox 0 0 2905 3687; ppageno 0'>
   <div class='ocr_carea' id='block_1_1' title="bbox 357 2342 459 2387">
    <p class='ocr_par' dir='ltr' id='par_1_1' title="bbox 357 2342 459 2387">
     <span class='ocr_line' id='line_1_1' title="bbox 357 2342 459 2387; baseline -0.01 0"><span class='ocrx_word' id='word_1_1' title='bbox 357 2342 459 2387; x_wconf 84' lang='lat' dir='ltr'>&#39;li</span> 
     </span>
    </p>
   </div>
   <div class='ocr_carea' id='block_1_2' title="bbox 1290 315 1359 361">
    <p class='ocr_par' dir='ltr' id='par_1_2' title="bbox 1290 315 1359 361">
     <span class='ocr_line' id='line_1_2' title="bbox 1290 315 1359 361; baseline 0 0"><span class='ocrx_word' id='word_1_2' title='bbox 1290 315 1359 361; x_wconf 72' lang='lat'>55</span> 
     </span>
    </p>
   </div>
   <div class='ocr_carea' id='block_1_3' title="bbox 427 422 2192 2407">
    <p class='ocr_par' dir='ltr' id='par_1_3' title="bbox 448 422 2190 553">
     <span class='ocr_line' id='line_1_3' title="bbox 448 422 2190 493; baseline 0.002 -20"><span class='ocrx_word' id='word_1_3' title='bbox 448 428 563 474; x_wconf 88' lang='lat' dir='ltr'>bitur</span> <span class='ocrx_word' id='word_1_4' title='bbox 594 422 910 493; x_wconf 70' lang='grc' dir='ltr'>Δραπετίδες,</span> <span class='ocrx_word' id='word_1_5' title='bbox 951 426 1005 473; x_wconf 85' lang='lat' dir='ltr'>ad</span> <span class='ocrx_word' id='word_1_6' title='bbox 1037 427 1151 473; x_wconf 86' lang='lat' dir='ltr'>illam</span> <span class='ocrx_word' id='word_1_7' title='bbox 1194 445 1243 473; x_wconf 86' lang='lat' dir='ltr'>ex</span> <span class='ocrx_word' id='word_1_8' title='bbox 1285 438 1370 473; x_wconf 88' lang='lat' dir='ltr'>tota</span> <span class='ocrx_word' id='word_1_9' title='bbox 1400 429 1487 474; x_wconf 87' lang='lat' dir='ltr'>fere</span> <span class='ocrx_word' id='word_1_10' title='bbox 1520 430 1694 475; x_wconf 82' lang='lat' dir='ltr'>Graecia</span> <span class='ocrx_word' id='word_1_11' title='bbox 1735 430 1951 476; x_wconf 85' lang='lat' dir='ltr'>colluviem</span> <span class='ocrx_word' id='word_1_12' title='bbox 1984 427 2190 491; x_wconf 88' lang='lat' dir='ltr'>pertinere</span> 
     </span>
     <span class='ocr_line' id='line_1_4' title="bbox 448 490 1882 553; baseline 0.001 -17"><span class='ocrx_word' id='word_1_13' title='bbox 448 501 562 545; x_wconf 64' lang='lat' dir='ltr'>ceth,</span> <span class='ocrx_word' id='word_1_14' title='bbox 594 506 642 535; x_wconf 87' lang='lat' dir='ltr'>ea</span> <span class='ocrx_word' id='word_1_15' title='bbox 669 507 860 535; x_wconf 88' lang='lat' dir='ltr'>veremur</span> <span class='ocrx_word' id='word_1_16' title='bbox 889 507 941 534; x_wconf 90' lang='lat' dir='ltr'>ne</span> <span class='ocrx_word' id='word_1_17' title='bbox 974 490 1170 536; x_wconf 88' lang='lat' dir='ltr'>subtilius</span> <span class='ocrx_word' id='word_1_18' title='bbox 1203 507 1329 551; x_wconf 90' lang='lat' dir='ltr'>quam</span> <span class='ocrx_word' id='word_1_19' title='bbox 1362 492 1498 536; x_wconf 89' lang='lat' dir='ltr'>verius</span> <span class='ocrx_word' id='word_1_20' title='bbox 1532 494 1761 553; x_wconf 89' lang='lat' dir='ltr'>composita</span> <span class='ocrx_word' id='word_1_21' title='bbox 1789 495 1882 538; x_wconf 87' lang='lat' dir='ltr'>sint.</span> 
     </span>
    </p>

    <p class='ocr_par' dir='ltr' id='par_1_4' title="bbox 433 552 2192 1413">
     <span class='ocr_line' id='line_1_5' title="bbox 572 552 2192 616; baseline 0 -20"><span class='ocrx_word' id='word_1_22' title='bbox 572 553 675 597; x_wconf 89' lang='lat' dir='ltr'>Arte</span> <span class='ocrx_word' id='word_1_23' title='bbox 722 553 915 616; x_wconf 81' lang='lat' dir='ltr'>gymnica</span> <span class='ocrx_word' id='word_1_24' title='bbox 959 552 1134 598; x_wconf 89' lang='lat' dir='ltr'>multum</span> <span class='ocrx_word' id='word_1_25' title='bbox 1180 554 1441 597; x_wconf 73' lang='lat' dir='ltr'>exercitatam</span> <span class='ocrx_word' id='word_1_26' title='bbox 1491 570 1578 598; x_wconf 89' lang='lat' dir='ltr'>esse</span> <span class='ocrx_word' id='word_1_27' title='bbox 1622 555 1877 599; x_wconf 87' lang='lat' dir='ltr'>Thuriorum</span> <span class='ocrx_word' id='word_1_28' title='bbox 1922 556 2192 615; x_wconf 85' lang='lat' dir='ltr'>juventutem,</span> 
     </span>
     <span class='ocr_line' id='line_1_6' title="bbox 444 612 2191 678; baseline 0 -21"><span class='ocrx_word' id='word_1_29' title='bbox 444 612 565 657; x_wconf 89' lang='lat' dir='ltr'>docet</span> <span class='ocrx_word' id='word_1_30' title='bbox 604 614 707 658; x_wconf 84' lang='lat' dir='ltr'>Ptat.</span> <span class='ocrx_word' id='word_1_31' title='bbox 747 616 945 672; x_wconf 82' lang='lat' dir='ltr'>Legg.11‚</span> <span class='ocrx_word' id='word_1_32' title='bbox 978 615 1082 667; x_wconf 85' lang='lat'>659,</span> <span class='ocrx_word' id='word_1_33' title='bbox 1115 615 1156 657; x_wconf 89' lang='lat' dir='ltr'>b.</span> <span class='ocrx_word' id='word_1_34' title='bbox 1197 615 1270 657; x_wconf 88' lang='lat' dir='ltr'>ubi</span> <span class='ocrx_word' id='word_1_35' title='bbox 1316 631 1364 657; x_wconf 82' lang='lat' dir='ltr'>ex</span> <span class='ocrx_word' id='word_1_36' title='bbox 1407 616 1635 676; x_wconf 81' lang='lat' dir='ltr'>gymnasiis</span> <span class='ocrx_word' id='word_1_37' title='bbox 1674 628 1713 660; x_wconf 92' lang='lat' dir='ltr'>et</span> <span class='ocrx_word' id='word_1_38' title='bbox 1757 617 1933 678; x_wconf 86' lang='lat' dir='ltr'>syssitiis</span> <span class='ocrx_word' id='word_1_39' title='bbox 1973 615 2106 659; x_wconf 89' lang='lat' dir='ltr'>Mileti</span> <span class='ocrx_word' id='word_1_40' title='bbox 2150 625 2191 657; x_wconf 88' lang='lat' dir='ltr'>et</span> 
     </span>
     <span class='ocr_line' id='line_1_7' title="bbox 443 674 2188 736; baseline 0 -18"><span class='ocrx_word' id='word_1_41' title='bbox 443 674 559 735; x_wconf 89' lang='lat' dir='ltr'>apud</span> <span class='ocrx_word' id='word_1_42' title='bbox 588 676 770 720; x_wconf 76' lang='lat' dir='ltr'><strong>Boeotos</strong></span> <span class='ocrx_word' id='word_1_43' title='bbox 800 674 1066 735; x_wconf 85' lang='lat' dir='ltr'>Thuriosque</span> <span class='ocrx_word' id='word_1_44' title='bbox 1107 675 1309 719; x_wconf 89' lang='lat' dir='ltr'>factiones</span> <span class='ocrx_word' id='word_1_45' title='bbox 1355 685 1478 736; x_wconf 89' lang='lat' dir='ltr'>atque</span> <span class='ocrx_word' id='word_1_46' title='bbox 1522 676 1667 721; x_wconf 82' lang='lat' dir='ltr'>turbas</span> <span class='ocrx_word' id='word_1_47' title='bbox 1708 689 1825 722; x_wconf 86' lang='lat' dir='ltr'>natas</span> <span class='ocrx_word' id='word_1_48' title='bbox 1860 694 1948 722; x_wconf 88' lang='lat' dir='ltr'>esse</span> <span class='ocrx_word' id='word_1_49' title='bbox 1982 676 2188 736; x_wconf 87' lang='lat' dir='ltr'>comperi-</span> 
     </span>
     <span class='ocr_line' id='line_1_8' title="bbox 442 736 2187 800; baseline -0.001 -20"><span class='ocrx_word' id='word_1_50' title='bbox 442 754 547 782; x_wconf 88' lang='lat' dir='ltr'>mus.</span> <span class='ocrx_word' id='word_1_51' title='bbox 609 737 786 800; x_wconf 87' lang='lat' dir='ltr'>Syssitia</span> <span class='ocrx_word' id='word_1_52' title='bbox 826 736 861 780; x_wconf 88' lang='lat' dir='ltr'>si</span> <span class='ocrx_word' id='word_1_53' title='bbox 904 736 958 779; x_wconf 88' lang='lat' dir='ltr'>ad</span> <span class='ocrx_word' id='word_1_54' title='bbox 985 736 1170 779; x_wconf 90' lang='lat' dir='ltr'>Thurios</span> <span class='ocrx_word' id='word_1_55' title='bbox 1214 753 1380 798; x_wconf 87' lang='lat' dir='ltr'>quoque</span> <span class='ocrx_word' id='word_1_56' title='bbox 1422 739 1642 782; x_wconf 87' lang='lat' dir='ltr'>referenda</span> <span class='ocrx_word' id='word_1_57' title='bbox 1683 749 1802 790; x_wconf 92' lang='lat' dir='ltr'>sunt,</span> <span class='ocrx_word' id='word_1_58' title='bbox 1840 757 1925 782; x_wconf 91' lang='lat' dir='ltr'>non</span> <span class='ocrx_word' id='word_1_59' title='bbox 1953 737 2187 782; x_wconf 87' lang='lat' dir='ltr'>necessario</span> 
     </span>
     <span class='ocr_line' id='line_1_9' title="bbox 439 797 2186 860; baseline 0 -19"><span class='ocrx_word' id='word_1_60' title='bbox 439 815 487 842; x_wconf 85' lang='lat' dir='ltr'>ex</span> <span class='ocrx_word' id='word_1_61' title='bbox 528 798 684 843; x_wconf 83' lang='lat' dir='ltr'>doricis</span> <span class='ocrx_word' id='word_1_62' title='bbox 726 797 960 842; x_wconf 84' lang='lat' dir='ltr'>civitatibus</span> <span class='ocrx_word' id='word_1_63' title='bbox 1000 808 1270 857; x_wconf 90' lang='lat' dir='ltr'>repetuntur,</span> <span class='ocrx_word' id='word_1_64' title='bbox 1313 798 1387 843; x_wconf 90' lang='lat' dir='ltr'>sed</span> <span class='ocrx_word' id='word_1_65' title='bbox 1430 800 1483 843; x_wconf 86' lang='lat' dir='ltr'>ab</span> <span class='ocrx_word' id='word_1_66' title='bbox 1534 800 1717 860; x_wconf 85' lang='lat' dir='ltr'>antiquis</span> <span class='ocrx_word' id='word_1_67' title='bbox 1760 799 2017 859; x_wconf 79' lang='lat' dir='ltr'>temporibus</span> <span class='ocrx_word' id='word_1_68' title='bbox 2066 799 2186 841; x_wconf 89' lang='lat' dir='ltr'>etiam</span> 
     </span>
     <span class='ocr_line' id='line_1_10' title="bbox 440 859 2188 922; baseline -0.001 -18"><span class='ocrx_word' id='word_1_69' title='bbox 440 860 616 904; x_wconf 78' lang='lat' dir='ltr'>Oenotri</span> <span class='ocrx_word' id='word_1_70' title='bbox 647 860 790 904; x_wconf 91' lang='lat' dir='ltr'>Italiae</span> <span class='ocrx_word' id='word_1_71' title='bbox 821 860 872 904; x_wconf 87' lang='lat' dir='ltr'>iis</span> <span class='ocrx_word' id='word_1_72' title='bbox 904 859 1130 904; x_wconf 88' lang='lat' dir='ltr'>utebantur</span> <span class='ocrx_word' id='word_1_73' title='bbox 1160 877 1291 921; x_wconf 90' lang='lat' dir='ltr'>eaque</span> <span class='ocrx_word' id='word_1_74' title='bbox 1319 861 1541 906; x_wconf 88' lang='lat' dir='ltr'>servabant</span> <span class='ocrx_word' id='word_1_75' title='bbox 1573 862 1694 906; x_wconf 90' lang='lat' dir='ltr'>etiam</span> <span class='ocrx_word' id='word_1_76' title='bbox 1727 872 1911 922; x_wconf 89' lang='lat' dir='ltr'>tempore</span> <span class='ocrx_word' id='word_1_77' title='bbox 1943 860 2040 905; x_wconf 89' lang='lat' dir='ltr'>belli</span> <span class='ocrx_word' id='word_1_78' title='bbox 2067 859 2188 904; x_wconf 85' lang='lat' dir='ltr'>Pelo·</span> 
     </span>
     <span class='ocr_line' id='line_1_11' title="bbox 438 921 2187 983; baseline -0.001 -18"><span class='ocrx_word' id='word_1_79' title='bbox 438 921 680 983; x_wconf 89' lang='lat' dir='ltr'>ponnesiaci</span> <span class='ocrx_word' id='word_1_80' title='bbox 707 922 751 966; x_wconf 90' lang='lat' dir='ltr'>in</span> <span class='ocrx_word' id='word_1_81' title='bbox 777 922 828 967; x_wconf 87' lang='lat' dir='ltr'>iis</span> <span class='ocrx_word' id='word_1_82' title='bbox 850 921 966 975; x_wconf 90' lang='lat' dir='ltr'>locis,</span> <span class='ocrx_word' id='word_1_83' title='bbox 991 922 1065 966; x_wconf 88' lang='lat' dir='ltr'>ubi</span> <span class='ocrx_word' id='word_1_84' title='bbox 1091 921 1324 967; x_wconf 90' lang='lat' dir='ltr'>libertatem</span> <span class='ocrx_word' id='word_1_85' title='bbox 1345 935 1618 968; x_wconf 83' lang='lat' dir='ltr'>servaverant.</span> <span class='ocrx_word' id='word_1_86' title='bbox 1661 923 1824 967; x_wconf 79' lang='lat' dir='ltr'>Referri</span> <span class='ocrx_word' id='word_1_87' title='bbox 1847 924 1901 967; x_wconf 90' lang='lat' dir='ltr'>ad</span> <span class='ocrx_word' id='word_1_88' title='bbox 1919 921 2187 974; x_wconf 88' lang='lat' dir='ltr'>Antiochum,</span> 
     </span>
     <span class='ocr_line' id='line_1_12' title="bbox 437 984 2185 1044; baseline 0 -17"><span class='ocrx_word' id='word_1_89' title='bbox 437 999 543 1043; x_wconf 90' lang='lat' dir='ltr'>quae</span> <span class='ocrx_word' id='word_1_90' title='bbox 573 985 688 1044; x_wconf 91' lang='lat' dir='ltr'>apud</span> <span class='ocrx_word' id='word_1_91' title='bbox 721 984 983 1029; x_wconf 85' lang='lat' dir='ltr'>Aristotelem</span> <span class='ocrx_word' id='word_1_92' title='bbox 1016 995 1178 1028; x_wconf 87' lang='lat' dir='ltr'>exstant</span> <span class='ocrx_word' id='word_1_93' title='bbox 1208 985 1335 1029; x_wconf 85' lang='lat' dir='ltr'>verba</span> <span class='ocrx_word' id='word_1_94' title='bbox 1367 984 1564 1040; x_wconf 86' lang='lat' dir='ltr'>P01.V11,</span> <span class='ocrx_word' id='word_1_95' title='bbox 1598 988 1659 1030; x_wconf 86' lang='lat'>9.:</span> <span class='ocrx_word' id='word_1_96' title='bbox 1707 984 1791 1034; x_wconf 69' lang='grc' dir='ltr'>καὶ</span> <span class='ocrx_word' id='word_1_97' title='bbox 1823 991 1901 1035; x_wconf 77' lang='grc' dir='ltr'>νῦν</span> <span class='ocrx_word' id='word_1_98' title='bbox 1928 986 2023 1037; x_wconf 69' lang='grc' dir='ltr'><em>ἔτι,</em></span> <span class='ocrx_word' id='word_1_99' title='bbox 2055 1000 2185 1044; x_wconf 91' lang='lat' dir='ltr'>quum</span> 
     </span>
     <span class='ocr_line' id='line_1_13' title="bbox 435 1044 2186 1105; baseline -0.001 -16"><span class='ocrx_word' id='word_1_100' title='bbox 435 1044 672 1090; x_wconf 90' lang='lat' dir='ltr'>Aristotelis</span> <span class='ocrx_word' id='word_1_101' title='bbox 706 1057 836 1090; x_wconf 87' lang='lat' dir='ltr'>aetate</span> <span class='ocrx_word' id='word_1_102' title='bbox 860 1045 1015 1089; x_wconf 85' lang='lat' dir='ltr'>liberae</span> <span class='ocrx_word' id='word_1_103' title='bbox 1037 1045 1321 1090; x_wconf 90' lang='lat' dir='ltr'>Oenotrorum</span> <span class='ocrx_word' id='word_1_104' title='bbox 1352 1046 1533 1091; x_wconf 86' lang='lat' dir='ltr'>civitates</span> <span class='ocrx_word' id='word_1_105' title='bbox 1567 1047 1747 1092; x_wconf 79' lang='lat' dir='ltr'>initalia</span> <span class='ocrx_word' id='word_1_106' title='bbox 1781 1049 1845 1091; x_wconf 88' lang='lat' dir='ltr'>vix</span> <span class='ocrx_word' id='word_1_107' title='bbox 1878 1046 2053 1091; x_wconf 87' lang='lat' dir='ltr'>inveniri</span> <span class='ocrx_word' id='word_1_108' title='bbox 2086 1061 2186 1105; x_wconf 87' lang='lat' dir='ltr'>pos-</span> 
     </span>
     <span class='ocr_line' id='line_1_14' title="bbox 436 1107 2183 1166; baseline -0.001 -15"><span class='ocrx_word' id='word_1_109' title='bbox 436 1118 548 1160; x_wconf 88' lang='lat' dir='ltr'>sent,</span> <span class='ocrx_word' id='word_1_110' title='bbox 595 1109 712 1166; x_wconf 81' lang='lat' dir='ltr'>jubet</span> <span class='ocrx_word' id='word_1_111' title='bbox 747 1108 1018 1152; x_wconf 86' lang='lat' dir='ltr'>Niebuhrius.</span> <span class='ocrx_word' id='word_1_112' title='bbox 1080 1107 1149 1152; x_wconf 87' lang='lat' dir='ltr'>Ab</span> <span class='ocrx_word' id='word_1_113' title='bbox 1192 1108 1258 1153; x_wconf 90' lang='lat' dir='ltr'>his</span> <span class='ocrx_word' id='word_1_114' title='bbox 1301 1110 1478 1153; x_wconf 83' lang='lat' dir='ltr'>fortasse</span> <span class='ocrx_word' id='word_1_115' title='bbox 1521 1110 1575 1154; x_wconf 93' lang='lat' dir='ltr'>ad</span> <span class='ocrx_word' id='word_1_116' title='bbox 1615 1110 1796 1154; x_wconf 87' lang='lat' dir='ltr'>Graecas</span> <span class='ocrx_word' id='word_1_117' title='bbox 1826 1109 1968 1153; x_wconf 81' lang='lat' dir='ltr'>Italiae</span> <span class='ocrx_word' id='word_1_118' title='bbox 2002 1107 2183 1152; x_wconf 89' lang='lat' dir='ltr'>civitates</span> 
     </span>
     <span class='ocr_line' id='line_1_15' title="bbox 437 1168 2184 1232; baseline -0.001 -20"><span class='ocrx_word' id='word_1_119' title='bbox 437 1169 697 1214; x_wconf 85' lang='lat' dir='ltr'>transierant.</span> <span class='ocrx_word' id='word_1_120' title='bbox 759 1170 873 1215; x_wconf 89' lang='lat' dir='ltr'>Artis</span> <span class='ocrx_word' id='word_1_121' title='bbox 915 1168 1134 1232; x_wconf 86' lang='lat' dir='ltr'>gymnicae</span> <span class='ocrx_word' id='word_1_122' title='bbox 1178 1170 1349 1214; x_wconf 88' lang='lat' dir='ltr'>Thuriis</span> <span class='ocrx_word' id='word_1_123' title='bbox 1389 1180 1584 1216; x_wconf 84' lang='lat' dir='ltr'>tractatae</span> <span class='ocrx_word' id='word_1_124' title='bbox 1625 1172 1746 1216; x_wconf 89' lang='lat' dir='ltr'>etiam</span> <span class='ocrx_word' id='word_1_125' title='bbox 1788 1172 1954 1216; x_wconf 86' lang='lat' dir='ltr'>Damon</span> <span class='ocrx_word' id='word_1_126' title='bbox 1997 1169 2184 1213; x_wconf 86' lang='lat' dir='ltr'>Thurius</span> 
     </span>
     <span class='ocr_line' id='line_1_16' title="bbox 433 1231 2186 1295; baseline -0.001 -21"><span class='ocrx_word' id='word_1_127' title='bbox 433 1231 644 1290; x_wconf 91' lang='lat' dir='ltr'>specimen</span> <span class='ocrx_word' id='word_1_128' title='bbox 679 1232 822 1284; x_wconf 87' lang='lat' dir='ltr'>edidit,</span> <span class='ocrx_word' id='word_1_129' title='bbox 856 1232 927 1291; x_wconf 86' lang='lat' dir='ltr'>qui</span> <span class='ocrx_word' id='word_1_130' title='bbox 953 1231 1022 1274; x_wconf 93' lang='lat' dir='ltr'>Ol.</span> <span class='ocrx_word' id='word_1_131' title='bbox 1054 1232 1110 1274; x_wconf 89' lang='lat' dir='ltr'>CI</span> <span class='ocrx_word' id='word_1_132' title='bbox 1143 1242 1182 1275; x_wconf 88' lang='lat' dir='ltr'>et</span> <span class='ocrx_word' id='word_1_133' title='bbox 1214 1233 1289 1276; x_wconf 88' lang='lat' dir='ltr'>C11</span> <span class='ocrx_word' id='word_1_134' title='bbox 1329 1233 1465 1276; x_wconf 89' lang='lat' dir='ltr'>stadio</span> <span class='ocrx_word' id='word_1_135' title='bbox 1500 1234 1596 1277; x_wconf 73' lang='lat' dir='ltr'>vicit</span> <span class='ocrx_word' id='word_1_136' title='bbox 1637 1234 1872 1295; x_wconf 85' lang='lat' dir='ltr'>Olympiae.</span> <span class='ocrx_word' id='word_1_137' title='bbox 1935 1232 2060 1276; x_wconf 83' lang='lat' dir='ltr'>Diod.</span> <span class='ocrx_word' id='word_1_138' title='bbox 2092 1232 2186 1283; x_wconf 88' lang='lat' dir='ltr'>XV,</span> 
     </span>
     <span class='ocr_line' id='line_1_17' title="bbox 434 1293 2184 1346; baseline -0.001 -10"><span class='ocrx_word' id='word_1_139' title='bbox 434 1294 508 1336; x_wconf 89' lang='grc'>36.</span> <span class='ocrx_word' id='word_1_140' title='bbox 536 1295 608 1336; x_wconf 91' lang='grc'>50.</span> <span class='ocrx_word' id='word_1_141' title='bbox 638 1293 760 1336; x_wconf 92' lang='lat' dir='ltr'>Paus.</span> <span class='ocrx_word' id='word_1_142' title='bbox 779 1295 850 1346; x_wconf 90' lang='lat' dir='ltr'>IV,</span> <span class='ocrx_word' id='word_1_143' title='bbox 876 1294 951 1336; x_wconf 92' lang='grc'>27.</span> <span class='ocrx_word' id='word_1_144' title='bbox 981 1293 1052 1344; x_wconf 89' lang='lat' dir='ltr'>VI,</span> <span class='ocrx_word' id='word_1_145' title='bbox 1085 1293 1126 1335; x_wconf 90' lang='lat'>5.</span> <span class='ocrx_word' id='word_1_146' title='bbox 1157 1295 1251 1346; x_wconf 88' lang='lat' dir='ltr'>VII,</span> <span class='ocrx_word' id='word_1_147' title='bbox 1280 1296 1354 1339; x_wconf 90' lang='grc'>25.</span> <span class='ocrx_word' id='word_1_148' title='bbox 1387 1295 1500 1345; x_wconf 84' lang='lat' dir='ltr'>VIII,</span> <span class='ocrx_word' id='word_1_149' title='bbox 1532 1297 1607 1338; x_wconf 91' lang='grc'>27.</span> <span class='ocrx_word' id='word_1_150' title='bbox 1645 1295 1799 1337; x_wconf 87' lang='lat' dir='ltr'>Euseb.</span> <span class='ocrx_word' id='word_1_151' title='bbox 1825 1295 1969 1337; x_wconf 85' lang='lat' dir='ltr'>chron.</span> <span class='ocrx_word' id='word_1_152' title='bbox 1994 1293 2065 1336; x_wconf 87' lang='lat' dir='ltr'>lib.</span> <span class='ocrx_word' id='word_1_153' title='bbox 2084 1294 2118 1346; x_wconf 91' lang='lat'>1,</span> <span class='ocrx_word' id='word_1_154' title='bbox 2151 1308 2184 1335; x_wconf 95' lang='lat' dir='ltr'>c.</span> 
     </span>
     <span class='ocr_line' id='line_1_18' title="bbox 433 1352 1590 1413; baseline 0 -15"><span class='ocrx_word' id='word_1_155' title='bbox 433 1356 492 1398; x_wconf 88' lang='grc'>33</span> <span class='ocrx_word' id='word_1_156' title='bbox 519 1354 563 1396; x_wconf 87' lang='lat' dir='ltr'>in</span> <span class='ocrx_word' id='word_1_157' title='bbox 597 1355 704 1411; x_wconf 84' lang='lat' dir='ltr'>Maji</span> <span class='ocrx_word' id='word_1_158' title='bbox 736 1354 892 1413; x_wconf 86' lang='lat' dir='ltr'>scriptt.</span> <span class='ocrx_word' id='word_1_159' title='bbox 924 1363 1014 1396; x_wconf 85' lang='lat' dir='ltr'>vett.</span> <span class='ocrx_word' id='word_1_160' title='bbox 1045 1369 1138 1395; x_wconf 89' lang='lat' dir='ltr'>nov.</span> <span class='ocrx_word' id='word_1_161' title='bbox 1168 1352 1259 1397; x_wconf 88' lang='lat' dir='ltr'>coll.</span> <span class='ocrx_word' id='word_1_162' title='bbox 1290 1363 1316 1396; x_wconf 89' lang='lat' dir='ltr'>t.</span> <span class='ocrx_word' id='word_1_163' title='bbox 1341 1354 1452 1408; x_wconf 84' lang='lat' dir='ltr'>VIII,</span> <span class='ocrx_word' id='word_1_164' title='bbox 1487 1356 1590 1398; x_wconf 83' lang='lat'>153.</span> 
     </span>
    </p>

    <p class='ocr_par' dir='ltr' id='par_1_5' title="bbox 427 1413 2186 2407">
     <span class='ocr_line' id='line_1_19' title="bbox 555 1413 2182 1468; baseline -0.001 -9"><span class='ocrx_word' id='word_1_165' title='bbox 555 1415 791 1459; x_wconf 89' lang='lat' dir='ltr'>Literarum</span> <span class='ocrx_word' id='word_1_166' title='bbox 823 1414 979 1459; x_wconf 87' lang='lat' dir='ltr'>cultum</span> <span class='ocrx_word' id='word_1_167' title='bbox 1012 1413 1185 1458; x_wconf 89' lang='lat' dir='ltr'>Thuriis</span> <span class='ocrx_word' id='word_1_168' title='bbox 1217 1423 1264 1456; x_wconf 90' lang='lat' dir='ltr'>ut</span> <span class='ocrx_word' id='word_1_169' title='bbox 1294 1425 1523 1459; x_wconf 89' lang='lat' dir='ltr'>statuamus</span> <span class='ocrx_word' id='word_1_170' title='bbox 1556 1415 1779 1460; x_wconf 90' lang='lat' dir='ltr'>laetissime</span> <span class='ocrx_word' id='word_1_171' title='bbox 1809 1415 2025 1468; x_wconf 90' lang='lat' dir='ltr'>floruisse,</span> <span class='ocrx_word' id='word_1_172' title='bbox 2058 1413 2182 1457; x_wconf 84' lang='lat' dir='ltr'>fidem</span> 
     </span>
     <span class='ocr_line' id='line_1_20' title="bbox 431 1475 2182 1537; baseline -0.001 -17"><span class='ocrx_word' id='word_1_173' title='bbox 431 1476 591 1521; x_wconf 85' lang='lat' dir='ltr'>faciunt</span> <span class='ocrx_word' id='word_1_174' title='bbox 619 1476 804 1521; x_wconf 86' lang='lat' dir='ltr'>virorum</span> <span class='ocrx_word' id='word_1_175' title='bbox 837 1475 1163 1520; x_wconf 88' lang='lat' dir='ltr'>clarissimorum</span> <span class='ocrx_word' id='word_1_176' title='bbox 1192 1476 1361 1521; x_wconf 88' lang='lat' dir='ltr'>nomina</span> <span class='ocrx_word' id='word_1_177' title='bbox 1393 1494 1498 1537; x_wconf 90' lang='lat' dir='ltr'>quos</span> <span class='ocrx_word' id='word_1_178' title='bbox 1523 1478 1582 1523; x_wconf 89' lang='lat' dir='ltr'>ibi</span> <span class='ocrx_word' id='word_1_179' title='bbox 1608 1489 1886 1523; x_wconf 89' lang='lat' dir='ltr'>commoratos</span> <span class='ocrx_word' id='word_1_180' title='bbox 1914 1493 2003 1522; x_wconf 87' lang='lat' dir='ltr'>esse</span> <span class='ocrx_word' id='word_1_181' title='bbox 2025 1476 2182 1536; x_wconf 88' lang='lat' dir='ltr'>passim</span> 
     </span>
     <span class='ocr_line' id='line_1_21' title="bbox 430 1538 2171 1601; baseline -0.001 -19"><span class='ocrx_word' id='word_1_182' title='bbox 430 1539 651 1592; x_wconf 88' lang='lat' dir='ltr'>adnotavi,</span> <span class='ocrx_word' id='word_1_183' title='bbox 695 1539 849 1599; x_wconf 91' lang='lat' dir='ltr'>quibus</span> <span class='ocrx_word' id='word_1_184' title='bbox 883 1538 1038 1582; x_wconf 86' lang='lat' dir='ltr'>addere</span> <span class='ocrx_word' id='word_1_185' title='bbox 1077 1538 1195 1597; x_wconf 91' lang='lat' dir='ltr'>potui</span> <span class='ocrx_word' id='word_1_186' title='bbox 1227 1538 1537 1601; x_wconf 83' lang='lat' dir='ltr'>Euthydemum</span> <span class='ocrx_word' id='word_1_187' title='bbox 1569 1541 1755 1585; x_wconf 86' lang='lat' dir='ltr'>Platonis</span> <span class='ocrx_word' id='word_1_188' title='bbox 1789 1542 2042 1600; x_wconf 86' lang='lat' dir='ltr'>fratremque</span> <span class='ocrx_word' id='word_1_189' title='bbox 2077 1538 2171 1581; x_wconf 92' lang='lat' dir='ltr'>Dio-</span> 
     </span>
     <span class='ocr_line' id='line_1_22' title="bbox 429 1599 2183 1672; baseline -0.001 -28"><span class='ocrx_word' id='word_1_190' title='bbox 429 1599 705 1671; x_wconf 76' lang='lat' dir='ltr'>nysiodorum</span> <span class='ocrx_word' id='word_1_191' title='bbox 739 1600 865 1645; x_wconf 91' lang='lat' dir='ltr'>Chios</span> <span class='ocrx_word' id='word_1_192' title='bbox 894 1617 943 1645; x_wconf 83' lang='lat' dir='ltr'>ex</span> <span class='ocrx_word' id='word_1_193' title='bbox 966 1599 1157 1653; x_wconf 85' lang='lat' dir='ltr'>Atb.X1,</span> <span class='ocrx_word' id='word_1_194' title='bbox 1185 1601 1290 1653; x_wconf 89' lang='grc'>506,</span> <span class='ocrx_word' id='word_1_195' title='bbox 1314 1600 1354 1644; x_wconf 91' lang='lat' dir='ltr'>b.</span> <span class='ocrx_word' id='word_1_196' title='bbox 1409 1601 1577 1672; x_wconf 71' lang='lat' dir='ltr'>Lysiam</span> <span class='ocrx_word' id='word_1_197' title='bbox 1602 1602 1779 1646; x_wconf 91' lang='lat' dir='ltr'>Thuriis</span> <span class='ocrx_word' id='word_1_198' title='bbox 1808 1603 1946 1646; x_wconf 92' lang='lat' dir='ltr'>Tisiae</span> <span class='ocrx_word' id='word_1_199' title='bbox 1976 1611 2015 1645; x_wconf 89' lang='lat' dir='ltr'>et</span> <span class='ocrx_word' id='word_1_200' title='bbox 2040 1600 2183 1644; x_wconf 90' lang='lat' dir='ltr'>Niciae</span> 
     </span>
     <span class='ocr_line' id='line_1_23' title="bbox 431 1661 2183 1725; baseline -0.001 -20"><span class='ocrx_word' id='word_1_201' title='bbox 431 1661 656 1722; x_wconf 74' lang='lat' dir='ltr'>disciplina</span> <span class='ocrx_word' id='word_1_202' title='bbox 693 1679 816 1707; x_wconf 91' lang='lat' dir='ltr'>usum</span> <span class='ocrx_word' id='word_1_203' title='bbox 859 1678 971 1715; x_wconf 89' lang='lat' dir='ltr'>esse,</span> <span class='ocrx_word' id='word_1_204' title='bbox 1018 1663 1286 1719; x_wconf 82' lang='lat' dir='ltr'>cognoscitur</span> <span class='ocrx_word' id='word_1_205' title='bbox 1326 1678 1374 1705; x_wconf 86' lang='lat' dir='ltr'>ex</span> <span class='ocrx_word' id='word_1_206' title='bbox 1414 1664 1507 1707; x_wconf 77' lang='lat' dir='ltr'>vitis</span> <span class='ocrx_word' id='word_1_207' title='bbox 1550 1664 1701 1725; x_wconf 86' lang='lat' dir='ltr'>Lysiae</span> <span class='ocrx_word' id='word_1_208' title='bbox 1746 1664 1836 1706; x_wconf 90' lang='lat' dir='ltr'>coll.</span> <span class='ocrx_word' id='word_1_209' title='bbox 1868 1664 1970 1707; x_wconf 87' lang='lat' dir='ltr'>Plat.</span> <span class='ocrx_word' id='word_1_210' title='bbox 2002 1662 2183 1705; x_wconf 87' lang='lat' dir='ltr'>Phaedr.</span> 
     </span>
     <span class='ocr_line' id='line_1_24' title="bbox 429 1722 2186 1786; baseline -0.001 -17"><span class='ocrx_word' id='word_1_211' title='bbox 429 1740 474 1785; x_wconf 88' lang='lat' dir='ltr'>p.</span> <span class='ocrx_word' id='word_1_212' title='bbox 493 1727 600 1770; x_wconf 89' lang='grc'><strong>273.</strong></span> <span class='ocrx_word' id='word_1_213' title='bbox 662 1725 726 1770; x_wconf 90' lang='lat' dir='ltr'>De</span> <span class='ocrx_word' id='word_1_214' title='bbox 759 1724 872 1769; x_wconf 90' lang='lat' dir='ltr'>Tisia</span> <span class='ocrx_word' id='word_1_215' title='bbox 900 1725 1180 1786; x_wconf 84' lang='lat' dir='ltr'>Syracusano,</span> <span class='ocrx_word' id='word_1_216' title='bbox 1212 1722 1378 1768; x_wconf 84' lang='lat' dir='ltr'>rhetore</span> <span class='ocrx_word' id='word_1_217' title='bbox 1407 1723 1479 1769; x_wconf 88' lang='lat' dir='ltr'>illo</span> <span class='ocrx_word' id='word_1_218' title='bbox 1511 1724 1793 1778; x_wconf 79' lang='lat' dir='ltr'>celeberrimo,</span> <span class='ocrx_word' id='word_1_219' title='bbox 1823 1724 1941 1769; x_wconf 91' lang='lat' dir='ltr'>multi</span> <span class='ocrx_word' id='word_1_220' title='bbox 1966 1724 2186 1784; x_wconf 87' lang='lat' dir='ltr'>scripsere,</span> 
     </span>
     <span class='ocr_line' id='line_1_25' title="bbox 432 1786 2182 1850; baseline -0.001 -21"><span class='ocrx_word' id='word_1_221' title='bbox 432 1802 468 1829; x_wconf 89' lang='lat' dir='ltr'>e.</span> <span class='ocrx_word' id='word_1_222' title='bbox 494 1803 534 1845; x_wconf 86' lang='lat' dir='ltr'>g.</span> <span class='ocrx_word' id='word_1_223' title='bbox 591 1786 799 1850; x_wconf 89' lang='lat' dir='ltr'>Taylorus</span> <span class='ocrx_word' id='word_1_224' title='bbox 839 1786 883 1830; x_wconf 90' lang='lat' dir='ltr'>in</span> <span class='ocrx_word' id='word_1_225' title='bbox 922 1786 992 1830; x_wconf 88' lang='lat' dir='ltr'>vit.</span> <span class='ocrx_word' id='word_1_226' title='bbox 1020 1786 1117 1848; x_wconf 90' lang='lat' dir='ltr'>Lys.</span> <span class='ocrx_word' id='word_1_227' title='bbox 1148 1802 1188 1845; x_wconf 90' lang='lat' dir='ltr'>p.</span> <span class='ocrx_word' id='word_1_228' title='bbox 1213 1786 1314 1830; x_wconf 91' lang='lat'>110.</span> <span class='ocrx_word' id='word_1_229' title='bbox 1387 1786 1453 1830; x_wconf 91' lang='lat' dir='ltr'>De</span> <span class='ocrx_word' id='word_1_230' title='bbox 1494 1786 1613 1831; x_wconf 87' lang='lat' dir='ltr'>Nicia</span> <span class='ocrx_word' id='word_1_231' title='bbox 1655 1787 1823 1830; x_wconf 85' lang='lat' dir='ltr'>aliunde</span> <span class='ocrx_word' id='word_1_232' title='bbox 1868 1804 1955 1831; x_wconf 88' lang='lat' dir='ltr'>non</span> <span class='ocrx_word' id='word_1_233' title='bbox 1999 1795 2182 1830; x_wconf 89' lang='lat' dir='ltr'>constat:</span> 
     </span>
     <span class='ocr_line' id='line_1_26' title="bbox 427 1846 2179 1908; baseline -0.002 -16"><span class='ocrx_word' id='word_1_234' title='bbox 427 1848 623 1908; x_wconf 84' lang='lat' dir='ltr'>Spengel.</span> <span class='ocrx_word' id='word_1_235' title='bbox 650 1866 699 1893; x_wconf 88' lang='lat' dir='ltr'>ex</span> <span class='ocrx_word' id='word_1_236' title='bbox 725 1849 871 1893; x_wconf 86' lang='lat' dir='ltr'>Tisiae</span> <span class='ocrx_word' id='word_1_237' title='bbox 902 1847 1071 1892; x_wconf 87' lang='lat' dir='ltr'>nomine</span> <span class='ocrx_word' id='word_1_238' title='bbox 1101 1863 1240 1890; x_wconf 87' lang='lat' dir='ltr'>errore</span> <span class='ocrx_word' id='word_1_239' title='bbox 1275 1863 1369 1891; x_wconf 92' lang='lat' dir='ltr'>eum</span> <span class='ocrx_word' id='word_1_240' title='bbox 1401 1847 1541 1892; x_wconf 82' lang='lat' dir='ltr'>fictum</span> <span class='ocrx_word' id='word_1_241' title='bbox 1576 1865 1665 1892; x_wconf 88' lang='lat' dir='ltr'>esse</span> <span class='ocrx_word' id='word_1_242' title='bbox 1702 1848 1926 1901; x_wconf 85' lang='lat' dir='ltr'>existimat,</span> <span class='ocrx_word' id='word_1_243' title='bbox 1965 1846 2080 1907; x_wconf 92' lang='lat' dir='ltr'>quod</span> <span class='ocrx_word' id='word_1_244' title='bbox 2112 1846 2179 1889; x_wconf 87' lang='lat' dir='ltr'>vix</span> 
     </span>
     <span class='ocr_line' id='line_1_27' title="bbox 428 1908 2177 1972; baseline -0.001 -18"><span class='ocrx_word' id='word_1_245' title='bbox 428 1911 654 1972; x_wconf 74' lang='lat' dir='ltr'>quiSquam</span> <span class='ocrx_word' id='word_1_246' title='bbox 687 1911 952 1972; x_wconf 88' lang='lat' dir='ltr'>comprobet;</span> <span class='ocrx_word' id='word_1_247' title='bbox 994 1908 1045 1954; x_wconf 82' lang='lat' dir='ltr'>cf.</span> <span class='ocrx_word' id='word_1_248' title='bbox 1074 1908 1300 1969; x_wconf 81' lang='lat' dir='ltr'>Mongitor.</span> <span class='ocrx_word' id='word_1_249' title='bbox 1327 1908 1430 1957; x_wconf 86' lang='lat' dir='ltr'>bibl.</span> <span class='ocrx_word' id='word_1_250' title='bbox 1459 1910 1542 1956; x_wconf 85' lang='lat' dir='ltr'>Sic.</span> <span class='ocrx_word' id='word_1_251' title='bbox 1561 1911 1612 1964; x_wconf 92' lang='grc' dir='ltr'>ΙΙ,</span> <span class='ocrx_word' id='word_1_252' title='bbox 1641 1912 1715 1957; x_wconf 88' lang='lat'>85.</span> <span class='ocrx_word' id='word_1_253' title='bbox 1780 1912 1893 1956; x_wconf 88' lang='lat' dir='ltr'>Inter</span> <span class='ocrx_word' id='word_1_254' title='bbox 1924 1909 2177 1955; x_wconf 88' lang='lat' dir='ltr'>clarissimos</span> 
     </span>
     <span class='ocr_line' id='line_1_28' title="bbox 430 1970 2178 2031; baseline -0.002 -14"><span class='ocrx_word' id='word_1_255' title='bbox 430 1973 467 2016; x_wconf 89' lang='lat' dir='ltr'>T</span> <span class='ocrx_word' id='word_1_256' title='bbox 471 1973 685 2017; x_wconf 88' lang='lat' dir='ltr'>huriorum</span> <span class='ocrx_word' id='word_1_257' title='bbox 720 1973 872 2017; x_wconf 90' lang='lat' dir='ltr'>deinde</span> <span class='ocrx_word' id='word_1_258' title='bbox 903 1972 1043 2015; x_wconf 86' lang='lat' dir='ltr'>Alexis</span> <span class='ocrx_word' id='word_1_259' title='bbox 1073 1977 1197 2031; x_wconf 62' lang='lat' dir='ltr'>poeta</span> <span class='ocrx_word' id='word_1_260' title='bbox 1230 1971 1414 2016; x_wconf 89' lang='lat' dir='ltr'>comicus</span> <span class='ocrx_word' id='word_1_261' title='bbox 1446 1989 1647 2031; x_wconf 86' lang='lat' dir='ltr'>magnum</span> <span class='ocrx_word' id='word_1_262' title='bbox 1681 1972 1817 2017; x_wconf 88' lang='lat' dir='ltr'>locum</span> <span class='ocrx_word' id='word_1_263' title='bbox 1847 1973 2005 2017; x_wconf 88' lang='lat' dir='ltr'>obtinet</span> <span class='ocrx_word' id='word_1_264' title='bbox 2036 1977 2089 2028; x_wconf 84' lang='lat' dir='ltr'>(c.</span> <span class='ocrx_word' id='word_1_265' title='bbox 2112 1970 2178 2014; x_wconf 88' lang='lat' dir='ltr'>Ol.</span> 
     </span>
     <span class='ocr_line' id='line_1_29' title="bbox 430 2032 2179 2096; baseline -0.002 -16"><span class='ocrx_word' id='word_1_266' title='bbox 430 2035 578 2092; x_wconf 76' lang='lat' dir='ltr'>CXL),</span> <span class='ocrx_word' id='word_1_267' title='bbox 620 2035 694 2096; x_wconf 89' lang='lat' dir='ltr'>qui</span> <span class='ocrx_word' id='word_1_268' title='bbox 724 2033 890 2080; x_wconf 87' lang='lat' dir='ltr'>fabulas</span> <span class='ocrx_word' id='word_1_269' title='bbox 928 2032 1226 2092; x_wconf 89' lang='lat' dir='ltr'>conscripsisse</span> <span class='ocrx_word' id='word_1_270' title='bbox 1263 2032 1397 2077; x_wconf 82' lang='lat' dir='ltr'>fertur</span> <span class='ocrx_word' id='word_1_271' title='bbox 1431 2033 1633 2079; x_wconf 89' lang='lat' dir='ltr'>ducentas</span> <span class='ocrx_word' id='word_1_272' title='bbox 1668 2035 1948 2095; x_wconf 85' lang='lat' dir='ltr'>quadraginta</span> <span class='ocrx_word' id='word_1_273' title='bbox 1981 2033 2179 2094; x_wconf 90' lang='lat' dir='ltr'>quinque,</span> 
     </span>
     <span class='ocr_line' id='line_1_30' title="bbox 430 2096 2176 2158; baseline -0.002 -18"><span class='ocrx_word' id='word_1_274' title='bbox 430 2114 607 2158; x_wconf 90' lang='lat' dir='ltr'>quarum</span> <span class='ocrx_word' id='word_1_275' title='bbox 639 2097 747 2142; x_wconf 90' lang='lat' dir='ltr'>tituli</span> <span class='ocrx_word' id='word_1_276' title='bbox 779 2097 1050 2141; x_wconf 88' lang='lat' dir='ltr'>nominantur</span> <span class='ocrx_word' id='word_1_277' title='bbox 1076 2096 1224 2140; x_wconf 85' lang='lat' dir='ltr'>CXIII.</span> <span class='ocrx_word' id='word_1_278' title='bbox 1251 2112 1287 2139; x_wconf 84' lang='lat' dir='ltr'>v.</span> <span class='ocrx_word' id='word_1_279' title='bbox 1307 2096 1425 2140; x_wconf 87' lang='lat' dir='ltr'>Suid.</span> <span class='ocrx_word' id='word_1_280' title='bbox 1444 2114 1476 2141; x_wconf 90' lang='lat' dir='ltr'>s.</span> <span class='ocrx_word' id='word_1_281' title='bbox 1497 2114 1533 2140; x_wconf 88' lang='lat' dir='ltr'>v.</span> <span class='ocrx_word' id='word_1_282' title='bbox 1564 2096 1746 2141; x_wconf 84' lang='lat' dir='ltr'>Meinek.</span> <span class='ocrx_word' id='word_1_283' title='bbox 1774 2107 1948 2157; x_wconf 75' lang='lat' dir='ltr'>quaesit.</span> <span class='ocrx_word' id='word_1_284' title='bbox 1971 2112 2079 2139; x_wconf 89' lang='lat' dir='ltr'>scen.</span> <span class='ocrx_word' id='word_1_285' title='bbox 2100 2097 2176 2146; x_wconf 90' lang='lat' dir='ltr'>III,</span> 
     </span>
     <span class='ocr_line' id='line_1_31' title="bbox 429 2154 2174 2221; baseline -0.004 -17"><span class='ocrx_word' id='word_1_286' title='bbox 429 2174 471 2220; x_wconf 89' lang='lat' dir='ltr'>p.</span> <span class='ocrx_word' id='word_1_287' title='bbox 491 2162 552 2204; x_wconf 93' lang='grc'>27</span> <span class='ocrx_word' id='word_1_288' title='bbox 585 2176 676 2221; x_wconf 92' lang='lat' dir='ltr'>sqq.</span> <span class='ocrx_word' id='word_1_289' title='bbox 739 2158 974 2204; x_wconf 88' lang='lat' dir='ltr'>Patroclem</span> <span class='ocrx_word' id='word_1_290' title='bbox 1013 2156 1225 2203; x_wconf 88' lang='lat' dir='ltr'>Thurium</span> <span class='ocrx_word' id='word_1_291' title='bbox 1266 2162 1434 2217; x_wconf 72' lang='lat' dir='ltr'>poe&#39;tam</span> <span class='ocrx_word' id='word_1_292' title='bbox 1476 2159 1679 2217; x_wconf 85' lang='lat' dir='ltr'>tragicum</span> <span class='ocrx_word' id='word_1_293' title='bbox 1719 2176 1829 2202; x_wconf 90' lang='lat' dir='ltr'>unus</span> <span class='ocrx_word' id='word_1_294' title='bbox 1867 2157 2048 2201; x_wconf 83' lang='lat' dir='ltr'>laudavit</span> <span class='ocrx_word' id='word_1_295' title='bbox 2081 2154 2174 2198; x_wconf 84' lang='lat' dir='ltr'>Cle-</span> 
     </span>
     <span class='ocr_line' id='line_1_32' title="bbox 431 2217 2174 2282; baseline -0.003 -17"><span class='ocrx_word' id='word_1_296' title='bbox 431 2238 547 2265; x_wconf 89' lang='lat' dir='ltr'>mens</span> <span class='ocrx_word' id='word_1_297' title='bbox 578 2221 645 2266; x_wconf 88' lang='lat' dir='ltr'>Al.</span> <span class='ocrx_word' id='word_1_298' title='bbox 669 2223 702 2278; x_wconf 89' lang='lat'>1,</span> <span class='ocrx_word' id='word_1_299' title='bbox 725 2238 767 2282; x_wconf 93' lang='lat' dir='ltr'>p.</span> <span class='ocrx_word' id='word_1_300' title='bbox 781 2224 856 2265; x_wconf 92' lang='grc'>26.</span> <span class='ocrx_word' id='word_1_301' title='bbox 878 2220 1013 2266; x_wconf 87' lang='lat' dir='ltr'>Klotz.</span> <span class='ocrx_word' id='word_1_302' title='bbox 1076 2219 1137 2262; x_wconf 84' lang='lat' dir='ltr'>Ex</span> <span class='ocrx_word' id='word_1_303' title='bbox 1169 2217 1434 2279; x_wconf 88' lang='lat' dir='ltr'>philosophis</span> <span class='ocrx_word' id='word_1_304' title='bbox 1464 2220 1644 2281; x_wconf 89' lang='lat' dir='ltr'>denique</span> <span class='ocrx_word' id='word_1_305' title='bbox 1670 2220 1869 2264; x_wconf 88' lang='lat' dir='ltr'>Thurinis</span> <span class='ocrx_word' id='word_1_306' title='bbox 1902 2217 2174 2278; x_wconf 84' lang='lat' dir='ltr'>cognovimus</span> 
     </span>
     <span class='ocr_line' id='line_1_33' title="bbox 432 2279 2173 2341; baseline -0.002 -15"><span class='ocrx_word' id='word_1_307' title='bbox 432 2284 465 2326; x_wconf 90' lang='lat' dir='ltr'><strong>P</strong></span> <span class='ocrx_word' id='word_1_308' title='bbox 498 2282 717 2341; x_wconf 85' lang='lat' dir='ltr'>thagoreos</span> <span class='ocrx_word' id='word_1_309' title='bbox 750 2282 958 2326; x_wconf 87' lang='lat' dir='ltr'>Perialum</span> <span class='ocrx_word' id='word_1_310' title='bbox 992 2280 1162 2341; x_wconf 82' lang='lat' dir='ltr'>(Jambl.</span> <span class='ocrx_word' id='word_1_311' title='bbox 1186 2282 1318 2334; x_wconf 90' lang='lat' dir='ltr'>XVII,</span> <span class='ocrx_word' id='word_1_312' title='bbox 1348 2284 1386 2339; x_wconf 82' lang='lat'>§.</span> <span class='ocrx_word' id='word_1_313' title='bbox 1410 2281 1500 2340; x_wconf 81' lang='lat'>74.)</span> <span class='ocrx_word' id='word_1_314' title='bbox 1533 2294 1571 2326; x_wconf 87' lang='lat' dir='ltr'>et</span> <span class='ocrx_word' id='word_1_315' title='bbox 1602 2281 1937 2341; x_wconf 89' lang='lat' dir='ltr'>Hippodamum,</span> <span class='ocrx_word' id='word_1_316' title='bbox 1969 2297 2018 2324; x_wconf 88' lang='lat' dir='ltr'>ex</span> <span class='ocrx_word' id='word_1_317' title='bbox 2050 2279 2173 2338; x_wconf 85' lang='lat' dir='ltr'>cujus</span> 
     </span>
     <span class='ocr_line' id='line_1_34' title="bbox 462 2301 2173 2407; baseline -0.002 -20"><span class='ocrx_word' id='word_1_318' title='bbox 462 2301 540 2388; x_wconf 66' lang='lat' dir='ltr'>liro</span> <span class='ocrx_word' id='word_1_319' title='bbox 570 2342 677 2407; x_wconf 68' lang='grc' dir='ltr'>περὶ</span> <span class='ocrx_word' id='word_1_320' title='bbox 715 2338 996 2404; x_wconf 69' lang='grc' dir='ltr'>εὐδαιμονίας</span> <span class='ocrx_word' id='word_1_321' title='bbox 1033 2343 1313 2401; x_wconf 86' lang='lat' dir='ltr'>fragmentum</span> <span class='ocrx_word' id='word_1_322' title='bbox 1354 2342 1498 2403; x_wconf 89' lang='lat' dir='ltr'>prodit</span> <span class='ocrx_word' id='word_1_323' title='bbox 1524 2343 1729 2388; x_wconf 88' lang='lat' dir='ltr'>Stobaeus</span> <span class='ocrx_word' id='word_1_324' title='bbox 1759 2360 1879 2386; x_wconf 88' lang='lat' dir='ltr'>serm.</span> <span class='ocrx_word' id='word_1_325' title='bbox 1901 2343 2049 2394; x_wconf 89' lang='lat' dir='ltr'>XLIII,</span> <span class='ocrx_word' id='word_1_326' title='bbox 2071 2342 2173 2384; x_wconf 90' lang='grc'><strong>122.</strong></span> 
     </span>
    </p>
   </div>
   <div class='ocr_carea' id='block_1_4' title="bbox 427 2403 2173 2592">
    <p class='ocr_par' dir='ltr' id='par_1_6' title="bbox 427 2403 2173 2592">
     <span class='ocr_line' id='line_1_35' title="bbox 429 2403 2173 2466; baseline -0.002 -18"><span class='ocrx_word' id='word_1_327' title='bbox 429 2406 494 2449; x_wconf 90' lang='lat' dir='ltr'>De</span> <span class='ocrx_word' id='word_1_328' title='bbox 522 2405 791 2466; x_wconf 87' lang='lat' dir='ltr'>Hippodamo</span> <span class='ocrx_word' id='word_1_329' title='bbox 823 2405 1046 2450; x_wconf 86' lang='lat' dir='ltr'>architecto</span> <span class='ocrx_word' id='word_1_330' title='bbox 1079 2404 1302 2463; x_wconf 89' lang='lat' dir='ltr'>quominus</span> <span class='ocrx_word' id='word_1_331' title='bbox 1336 2405 1563 2462; x_wconf 86' lang='lat' dir='ltr'>cogitemus</span> <span class='ocrx_word' id='word_1_332' title='bbox 1594 2410 1659 2462; x_wconf 91' lang='lat' dir='ltr'>(ut</span> <span class='ocrx_word' id='word_1_333' title='bbox 1685 2406 1986 2448; x_wconf 64' lang='lat' dir='ltr'>Muretus-var.</span> <span class='ocrx_word' id='word_1_334' title='bbox 2011 2403 2116 2445; x_wconf 88' lang='lat' dir='ltr'>lectt.</span> <span class='ocrx_word' id='word_1_335' title='bbox 2139 2405 2173 2453; x_wconf 87' lang='lat'>1,</span> 
     </span>
     <span class='ocr_line' id='line_1_36' title="bbox 433 2464 2170 2527; baseline -0.002 -16"><span class='ocrx_word' id='word_1_336' title='bbox 433 2466 505 2511; x_wconf 86' lang='grc'>14.</span> <span class='ocrx_word' id='word_1_337' title='bbox 540 2469 632 2519; x_wconf 90' lang='lat' dir='ltr'>XV,</span> <span class='ocrx_word' id='word_1_338' title='bbox 667 2468 736 2512; x_wconf 87' lang='grc'>18.</span> <span class='ocrx_word' id='word_1_339' title='bbox 767 2466 873 2525; x_wconf 68' lang='lat' dir='ltr'>alt),</span> <span class='ocrx_word' id='word_1_340' title='bbox 912 2470 999 2527; x_wconf 82' lang='lat' dir='ltr'>jam</span> <span class='ocrx_word' id='word_1_341' title='bbox 1036 2464 1237 2510; x_wconf 85' lang='lat' dir='ltr'>dialectus</span> <span class='ocrx_word' id='word_1_342' title='bbox 1267 2465 1410 2509; x_wconf 82' lang='lat' dir='ltr'>dorica</span> <span class='ocrx_word' id='word_1_343' title='bbox 1449 2466 1658 2526; x_wconf 89' lang='lat' dir='ltr'>prohibet.</span> <span class='ocrx_word' id='word_1_344' title='bbox 1719 2466 1781 2509; x_wconf 85' lang='lat' dir='ltr'>Ex</span> <span class='ocrx_word' id='word_1_345' title='bbox 1819 2464 2007 2509; x_wconf 86' lang='lat' dir='ltr'>Euclidis</span> <span class='ocrx_word' id='word_1_346' title='bbox 2044 2464 2170 2507; x_wconf 88' lang='lat' dir='ltr'>disci—</span> 
     </span>
     <span class='ocr_line' id='line_1_37' title="bbox 427 2523 2171 2592; baseline -0.002 -20"><span class='ocrx_word' id='word_1_347' title='bbox 427 2527 544 2590; x_wconf 87' lang='lat' dir='ltr'>plina</span> <span class='ocrx_word' id='word_1_348' title='bbox 561 2529 856 2574; x_wconf 89' lang='lat' dir='ltr'>Clinomachus</span> <span class='ocrx_word' id='word_1_349' title='bbox 875 2528 1058 2573; x_wconf 89' lang='lat' dir='ltr'>Thurius</span> <span class='ocrx_word' id='word_1_350' title='bbox 1081 2526 1173 2581; x_wconf 83' lang='lat' dir='ltr'>fuit,</span> <span class='ocrx_word' id='word_1_351' title='bbox 1204 2523 1248 2577; x_wconf 70' lang='grc' dir='ltr'>ὃς</span> <span class='ocrx_word' id='word_1_352' title='bbox 1265 2531 1445 2591; x_wconf 68' lang='grc' dir='ltr'><strong><em>πρῶτος</em></strong></span> <span class='ocrx_word' id='word_1_353' title='bbox 1469 2527 1575 2592; x_wconf 77' lang='grc' dir='ltr'>περ)</span> <span class='ocrx_word' id='word_1_354' title='bbox 1602 2525 1884 2590; x_wconf 73' lang='grc' dir='ltr'>α’ξιωμάτων</span> <span class='ocrx_word' id='word_1_355' title='bbox 1911 2525 1994 2576; x_wconf 70' lang='grc' dir='ltr'>καὶ</span> <span class='ocrx_word' id='word_1_356' title='bbox 2020 2544 2171 2583; x_wconf 67' lang='lat' dir='ltr'>narn-</span> 
     </span>
    </p>
   </div>
   <div class='ocr_carea' id='block_1_5' title="bbox 428 2587 2171 2714">
    <p class='ocr_par' dir='ltr' id='par_1_7' title="bbox 428 2587 2171 2714">
     <span class='ocr_line' id='line_1_38' title="bbox 428 2587 2170 2661; baseline -0.006 -21"><span class='ocrx_word' id='word_1_357' title='bbox 428 2589 702 2653; x_wconf 68' lang='grc' dir='ltr'><strong><em>*γορημοίτων</em></strong></span> <span class='ocrx_word' id='word_1_358' title='bbox 732 2590 818 2640; x_wconf 75' lang='grc' dir='ltr'>καὶ</span> <span class='ocrx_word' id='word_1_359' title='bbox 857 2587 1393 2661; x_wconf 39' lang='grc' dir='ltr'>τοιούτωνβυνέγραψε.</span> <span class='ocrx_word' id='word_1_360' title='bbox 1441 2590 1565 2648; x_wconf 82' lang='lat' dir='ltr'>Diog.</span> <span class='ocrx_word' id='word_1_361' title='bbox 1597 2592 1732 2634; x_wconf 77' lang='lat' dir='ltr'>Laert.</span> <span class='ocrx_word' id='word_1_362' title='bbox 1764 2593 1827 2641; x_wconf 89' lang='lat'>11,</span> <span class='ocrx_word' id='word_1_363' title='bbox 1861 2590 1931 2641; x_wconf 87' lang='lat'>11,</span> <span class='ocrx_word' id='word_1_364' title='bbox 1959 2591 2001 2632; x_wconf 90' lang='grc'>3.</span> <span class='ocrx_word' id='word_1_365' title='bbox 2063 2588 2170 2631; x_wconf 88' lang='lat' dir='ltr'>Ero-</span> 
     </span>
     <span class='ocr_line' id='line_1_39' title="bbox 430 2648 2171 2714; baseline -0.002 -18"><span class='ocrx_word' id='word_1_366' title='bbox 430 2652 614 2697; x_wconf 90' lang='lat' dir='ltr'>doctium</span> <span class='ocrx_word' id='word_1_367' title='bbox 648 2664 688 2697; x_wconf 89' lang='lat' dir='ltr'>et</span> <span class='ocrx_word' id='word_1_368' title='bbox 720 2652 980 2698; x_wconf 88' lang='lat' dir='ltr'>Ciromaeum</span> <span class='ocrx_word' id='word_1_369' title='bbox 1020 2650 1314 2714; x_wconf 76' lang='lat' dir='ltr'>philosophos,</span> <span class='ocrx_word' id='word_1_370' title='bbox 1358 2667 1464 2711; x_wconf 89' lang='lat' dir='ltr'>quos</span> <span class='ocrx_word' id='word_1_371' title='bbox 1497 2651 1700 2712; x_wconf 87' lang='lat' dir='ltr'>Ughellus</span> <span class='ocrx_word' id='word_1_372' title='bbox 1742 2660 2038 2695; x_wconf 89' lang='lat' dir='ltr'>commemorat</span> <span class='ocrx_word' id='word_1_373' title='bbox 2080 2648 2171 2694; x_wconf 90' lang='lat' dir='ltr'>ltal.</span> 
     </span>
    </p>
   </div>
   <div class='ocr_carea' id='block_1_6' title="bbox 429 2713 1821 2775">
    <p class='ocr_par' dir='ltr' id='par_1_8' title="bbox 429 2713 1821 2775">
     <span class='ocr_line' id='line_1_40' title="bbox 429 2713 1821 2775; baseline -0.001 -18"><span class='ocrx_word' id='word_1_374' title='bbox 429 2730 536 2760; x_wconf 87' lang='lat' dir='ltr'>sacr.</span> <span class='ocrx_word' id='word_1_375' title='bbox 552 2717 608 2772; x_wconf 90' lang='lat' dir='ltr'>X,</span> <span class='ocrx_word' id='word_1_376' title='bbox 642 2715 765 2769; x_wconf 61' lang='lat'><strong>173„</strong></span> <span class='ocrx_word' id='word_1_377' title='bbox 792 2731 876 2775; x_wconf 90' lang='lat' dir='ltr'>quo</span> <span class='ocrx_word' id='word_1_378' title='bbox 904 2725 1074 2760; x_wconf 90' lang='lat' dir='ltr'>auctore</span> <span class='ocrx_word' id='word_1_379' title='bbox 1100 2713 1329 2758; x_wconf 87' lang='lat' dir='ltr'>laudaverit</span> <span class='ocrx_word' id='word_1_380' title='bbox 1359 2713 1542 2773; x_wconf 83' lang='lat' dir='ltr'>reperire</span> <span class='ocrx_word' id='word_1_381' title='bbox 1573 2731 1659 2757; x_wconf 93' lang='lat' dir='ltr'>non</span> <span class='ocrx_word' id='word_1_382' title='bbox 1690 2713 1821 2772; x_wconf 91' lang='lat' dir='ltr'>potui.</span> 
     </span>
    </p>
   </div>
   <div class='ocr_carea' id='block_1_7' title="bbox 0 3633 2905 3687">
    <p class='ocr_par' dir='ltr' id='par_1_9' title="bbox 0 3633 2905 3687">
     <span class='ocr_line' id='line_1_41' title="bbox 0 3633 2905 3687; baseline 0 0"><span class='ocrx_word' id='word_1_383' title='bbox 0 3633 2905 3687; x_wconf 95' lang='lat' dir='ltr'> </span> 
     </span>
    </p>
   </div>
  </div>
 </body>
</html>
