3014 3662
66 3550 527 3616 225-„*Q.
589 3595 596 3596 f

1592 236 1660 280 54

746 346 998 394 Pisirrhodo
1029 362 1076 388 ex
1115 345 1198 388 fitia
1233 344 1461 390 Phercnice
1496 345 1548 389 ab
1583 345 1935 402 Atheniensibus,
1979 351 2049 410 qui
2094 350 2287 413 populari
2330 349 2498 396 factioni

748 410 1068 459 subveniebant,
1114 408 1268 450 Rhodo
1315 409 1459 466 pulsus
1502 409 1686 451 Thurios
1730 421 1896 452 venerat
1940 420 2063 469 atque
2112 416 2312 459 civitatem
2355 425 2499 458 nactus

750 484 853 519 erat:
898 480 1074 530 uterque
1106 469 1359 528 Diagorides
1395 472 1567 515 Thuriis
1601 489 1687 515 eam
1724 470 2018 531 hospitalitatis
2050 476 2224 529 gratiam
2260 477 2501 530 retulerunt,

746 546 791 580 ut
823 532 1024 596 Olympia
1055 531 1231 577 victores
1265 533 1417 577 Thurii
1453 534 1800 578 renunciarentur
1818 535 1868 594 2).
1921 534 2044 578 Paus.
2069 537 2135 588 VI,
2168 539 2206 580 7.

875 609 1058 652 Dorieus
1102 608 1231 666 igitur
1260 608 1432 652 Thuriis
1466 610 1692 669 persuasit,
1737 620 1780 651 ut
1818 609 1991 652 desertis
2021 609 2338 653 Atheniensium
2373 612 2503 671 parti..

744 672 826 716 bus
859 688 987 715 naves
1022 670 1101 714 sibi
1136 671 1450 723 committerent,
1485 673 1638 731 quibus
1672 672 1869 715 Rhodum
1901 672 2053 722 redux,
2085 688 2190 731 quae
2221 671 2286 715 Ol.
2306 674 2436 724 XCII,
2463 676 2501 718 1.

746 733 968 795 Spartanis
1011 750 1054 777 se
1093 732 1304 790 adjunxit,
1351 734 1627 777 Athenienses
1672 735 1950 794 impugnaret.·
2024 734 2204 777 Doricus
2239 745 2374 776 autem
2418 735 2502 793 jam

748 808 970 858 antequam
1013 795 1115 837 haec
1150 794 1193 836 in
1231 794 1368 837 insula
1402 795 1555 838 Rhodo
1589 806 1835 848 evenerunt,
1876 813 1969 840 cum
2004 796 2181 840 navibus
2213 796 2415 839 Thurinis
2449 796 2503 840 ad

748 858 1172 903 Lacedaemoniorum
1217 856 1390 899 classem
1432 859 1642 916 profectus
1679 869 1757 902 est:
1803 876 1900 900 nam
1943 860 2174 901 secundum
2209 859 2503 920 Thucydidem

747 921 877 980 (VIII,
904 921 962 964 35
995 936 1056 979 sq.
1089 918 1186 976 44.)
1220 918 1325 962 ordo
1360 936 1497 963 rerum
1534 931 1741 978 gestarum
1775 919 1840 964 hic
1875 931 1958 964 est:
1992 921 2269 980 Hippocrates
2295 921 2504 965 Lacedae-

748 984 917 1026 monius
962 999 1055 1024 cum
1092 981 1232 1023 decem
1268 983 1445 1024 navibus
1477 983 1701 1033 Thurinis,
1748 983 1902 1041 quibus
1938 984 2117 1025 Doricus
2152 994 2361 1042 praeerat,
2404 983 2504 1024 Cni-

747 1046 846 1089 dum
881 1044 1014 1087 tendit
1054 1044 1159 1100 (τοῦ
1191 1041 1338 1092 αὐτοῦ
1373 1049 1633 1103 χειμῶνος);
1678 1044 1972 1104 Peloponnesii
2009 1044 2182 1088 alterum
2225 1045 2373 1088 foedus
2409 1061 2504 1088 cum

746 1105 1030 1166 Tissapherne
1063 1105 1208 1148 ineunt
1240 1104 1349 1162 (ὕπὸ
1377 1106 1456 1154 τὸν
1489 1105 1632 1156 αὐτὸν
1664 1105 1868 1169 χρόνον);
1905 1124 1927 1150 a
1963 1107 2098 1151 Cnido
2133 1107 2268 1151 insula
2304 1107 2504 1151 Rhodum

745 1170 945 1228 navigant
976 1170 1045 1225 (ἐν
1077 1171 1148 1226 τῷ
1181 1165 1314 1230 αὐτῷ
1346 1173 1568 1227 χειμῶνι).
1632 1170 1786 1212 Decem
1819 1170 2078 1213 Thuriorum
2115 1171 2293 1214 navibus
2336 1170 2503 1214 additae

748 1243 867 1277 erant
898 1242 982 1276 tres
1017 1229 1069 1273 ab
1104 1229 1195 1273 aliis
1221 1230 1363 1274 Italiae
1397 1231 1631 1274 civitatibus
1664 1231 1809 1288 (Diod.
1832 1233 1949 1283 XIII,
1978 1233 2085 1290 38.)

874 1295 1019 1339 Rebus
1063 1294 1106 1337 in
1150 1293 1304 1336 Rhodo
1346 1296 1523 1353 peractis
1568 1296 1753 1354 quinque
1791 1311 1915 1337 naves
1960 1295 2176 1338 Thurinae
2219 1313 2312 1338 cum
2347 1297 2505 1339 Dorieo

748 1353 967 1403 redierunt
1001 1355 1055 1400 ad
1088 1355 1466 1409 Lacedaemonios,
1509 1357 1663 1417 quibus
1695 1356 1884 1400 custodia
1925 1355 2058 1401 Mileti
2098 1357 2248 1400 tradita
2287 1368 2397 1409 erat;
2445 1357 2505 1401 ibi

749 1431 858 1466 certe
893 1437 961 1462 eas
1002 1419 1162 1462 stetisse
1204 1418 1380 1476 legimus
1418 1436 1511 1462 cum
1560 1430 1739 1479 quatuor
1771 1420 2050 1480 Syracusanis
2090 1420 2264 1478 aliisque
2296 1419 2506 1462 Lacedae-

747 1482 986 1528 moniorum
1030 1480 1156 1524 sociis
1200 1480 1369 1524 ineunte
1415 1480 1544 1525 altero
1587 1499 1699 1525 anno
1739 1480 1909 1542 Olymp.
1935 1481 2065 1525 XCII.
2118 1481 2250 1525 Thuc.
2284 1483 2397 1534 VIII,
2431 1482 2501 1525 61.

746 1547 796 1589 In
831 1544 975 1587 eadem
1009 1542 1186 1585 statione
1220 1543 1299 1584 sub
1334 1542 1459 1585 tinem
1503 1543 1689 1600 ejusdem
1724 1544 1822 1585 anni
1856 1542 2006 1584 Thurii
2050 1552 2089 1585 et
2127 1543 2382 1605 Syracusani
2417 1553 2504 1585 tur-

746 1608 824 1651 bas
859 1606 1091 1649 excitarunt
1121 1603 1465 1646 Lacedaemoniis
1497 1604 1552 1646 ob
1588 1605 1785 1663 stipendii
1816 1604 2254 1664 procrastinationem,
2289 1605 2369 1664 ipsi
2405 1604 2501 1647 duci

748 1668 968 1730 Astyoche
1000 1676 1174 1709 mortem
1209 1665 1473 1717 minitantur,
1521 1667 1592 1724 qui
1628 1667 1784 1709 Dorieo
1829 1676 2038 1726 sceptrum
2080 1666 2328 1710 intenderat.
2402 1667 2503 1710 Mox

753 1741 890 1773 tamen
924 1728 1134 1770 sedantur.
1175 1726 1306 1767 Thuc.
1333 1729 1444 1777 VIII,
1477 1726 1550 1769 84.

873 1789 1006 1835 Paulo
1041 1798 1135 1848 post
1162 1788 1384 1832 Mindarus
1406 1787 1609 1849 Astyochi
1634 1788 1725 1832 Ioco
1756 1789 1977 1848 imperium
2006 1789 2190 1847 suscepit
2221 1789 2374 1845 (Thuc.
2390 1791 2504 1841 VIII,

748 1853 868 1914 85.),
910 1852 983 1913 qui
1017 1851 1219 1894 Doricum
1254 1868 1348 1894 cum
1389 1850 1586 1893 tredecim
1622 1850 1800 1894 navibus
1842 1850 1995 1894 Italicis
2028 1850 2225 1894 Rhodum
2261 1850 2394 1905 misit,
2432 1851 2504 1895 ubi

748 1915 967 1965 nonnulli,
999 1913 1267 1973 popularium
1302 1913 1481 1973 partium
1517 1913 1629 1955 haud
1665 1913 1792 1956 dubie
1824 1913 2026 1966 fautores,
2061 1913 2178 1956 novis
2205 1913 2330 1957 rebus
2363 1913 2505 1957 stude-

749 1979 867 2025 bant.
914 1975 1040 2022 Diod.
1064 1978 1181 2029 XIII,
1206 1976 1278 2021 38.
1344 1977 1451 2021 Pace
1485 1976 1542 2020 ibi
1576 1976 1786 2030 restituta,
1820 1976 2026 2029 Doricus,
2055 1974 2289 2040 ναύαρχος
2320 1971 2382 2026 ὦν
2413 1980 2508 2027 τῶν

750 2039 810 2103 ἐξ
847 2039 1062 2090 Ἰταλίας
1103 2042 1311 2102 τριηρῶν,
1371 2038 1414 2081 in
1457 2038 1771 2099 Hellespontum
1814 2039 1988 2083 tetendit
2027 2038 2081 2082 ad
2120 2038 2388 2093 Mindarum,
2433 2039 2505 2099 qui

749 2114 838 2148 tum
871 2103 985 2161 juxta
1009 2101 1210 2162 Abydum
1236 2101 1489 2143 subsistebat
1520 2099 1797 2162 (ἀρχομένου
1825 2106 2058 2160 χειμῶνος,
2084 2102 2191 2144 Xen.
2211 2100 2314 2144 Helt.
2334 2105 2367 2154 I,
2391 2102 2428 2144 1.
2448 2105 2506 2154 2.,

750 2165 824 2227 qui
861 2162 1181 2225 quatuordecim
1213 2180 1338 2207 naves
1370 2162 1527 2207 Dorieo
1560 2162 1719 2208 tribuit.
1791 2163 1854 2207 Ex
1883 2180 1932 2208 eo
1962 2163 2237 2222 corrigendus
2276 2163 2505 2216 Diodmm,

859 2311 902 2359 2)
942 2311 1162 2348 Boeckhius
1187 2313 1237 2348 V.
1255 2311 1313 2347 CI.
1341 2310 1380 2347 in
1409 2311 1600 2359 explicatt.
1629 2308 1676 2345 ad
1706 2308 1818 2346 Pind.
1842 2308 2004 2354 OLVII,
2033 2311 2127 2356 t.11‚
2149 2314 2185 2354 2,
2213 2324 2251 2357 p.
2271 2312 2358 2346 167.
2385 2322 2416 2345 c.
2444 2307 2506 2346 OI.

753 2367 820 2399 88.
858 2369 967 2412 putat
1006 2364 1194 2400 Doreium
1232 2372 1267 2401 et
1307 2363 1572 2401 Pisirrhodum
1612 2362 1782 2399 Thurios
1820 2363 2075 2408 concessisse,
2116 2374 2242 2412 neque
2282 2361 2346 2399 itta
2382 2367 2505 2398 aetate

755 2417 928 2453 Thurios
955 2417 1126 2463 paruisse
1156 2417 1474 2460 Atheniensibus,
1512 2427 1609 2465 quos
1638 2429 1756 2464 quum
1786 2415 2019 2462 Diagoridae
2045 2416 2240 2461 fugerent,
2268 2426 2420 2450 necesse
2447 2414 2506 2457 sit,

752 2476 835 2506 tum
863 2466 1016 2505 tandem
1045 2468 1213 2504 Thurios
1242 2469 1420 2515 migrasse
1449 2466 1696 2515 Diagoridas,
1728 2481 1846 2517 quum
1870 2467 2010 2504 Thurii
2039 2467 2088 2503 ab
2118 2466 2412 2504 Atheniensibus
2438 2463 2507 2502 de·

753 2522 942 2559 fecissent.
997 2520 1110 2556 Certe
1135 2520 1240 2569 quod
1272 2522 1506 2557 Thin-iorum
1537 2522 1583 2555 ab
1613 2522 1911 2558 Atheniensibus
1940 2519 2190 2557 defectionem
2220 2520 2373 2565 attinet,
2413 2517 2507 2554 mihi

753 2586 833 2611 non
870 2573 973 2611 idem
1006 2571 1180 2611 videtur:
1219 2573 1347 2622 potius
1385 2573 1509 2610 nullas
1538 2573 1695 2609 omnino
1724 2581 1804 2610 tum
1832 2572 1970 2609 Thurii
2008 2580 2134 2621 partes
2169 2572 2354 2621 gerebant
2390 2569 2428 2607 in
2459 2581 2507 2607 eo

753 2628 877 2663 beIIo:
921 2634 1037 2676 atque
1075 2627 1332 2662 necessitatem
1373 2627 1611 2662 Thurioruin
1652 2639 1735 2662 cum
1776 2625 2071 2662 Atheniensibus
2108 2625 2205 2662 adeo
2248 2637 2326 2661 nou
2363 2630 2505 2659 arctam

754 2679 874 2716 fuisse
906 2679 1092 2723 vidimus,
1132 2687 1173 2715 ut
1201 2680 1355 2716 minime
1388 2691 1539 2716 necesse
1568 2679 1615 2715 sit
1644 2678 1833 2725 cogitare,
1866 2676 2022 2726 quando
2053 2676 2283 2725 Diagon-idae
2312 2677 2360 2713 ab
2390 2675 2507 2711 Athe-

754 2730 955 2767 niensibus
983 2729 1122 2766 Rhodo
1151 2731 1251 2778 pulsi
1276 2730 1446 2767 Thurios
1473 2730 1661 2774 venerint,
1688 2737 1779 2766 tuuc
1804 2730 2095 2767 Atheniensium
2124 2730 2327 2766 factionem
2352 2727 2508 2765 Thuriis

752 2795 996 2833 suppressam
1027 2782 1157 2819 fuisse.
