2873 3704
1273 763 1354 831 L.
1447 764 1520 832 S.

517 917 875 1056 Amplissimi
892 908 1339 1052 Philosophorum
1373 982 1593 1037 Ordinis
1625 984 1755 1037 haec
1793 983 1967 1036 fuerat
2002 985 2266 1054 quaestio.

645 1058 1010 1108 Thuriorum
1044 1056 1262 1105 civitatis
1293 1055 1527 1120 historia,
1565 1058 1807 1141 imprimis
1841 1059 2122 1125 antiquior,
2161 1074 2272 1104 cum

583 1129 655 1177 ad
688 1127 1079 1194 cognoscendum
1132 1144 1301 1175 retum
1346 1126 1667 1192 publicarum
1720 1130 1775 1176 in
1828 1125 2045 1197 Graecia
2088 1133 2272 1176 statum

582 1215 687 1247 non
727 1200 965 1264 exiguum
1008 1202 1308 1246 momentum
1350 1196 1565 1261 habeat,
1610 1203 1661 1246 et
1702 1215 1813 1246 cum
1856 1194 1966 1264 ipsa
2011 1197 2272 1246 literarum

584 1273 637 1317 et
682 1269 870 1317 artium
925 1283 959 1316 a
1005 1265 1212 1317 Graecis
1257 1267 1507 1317 cultarum
1559 1268 1773 1317 historia
1825 1267 2060 1334 pluribus
2110 1268 2271 1315 modis

582 1341 847 1394 coniuncta
882 1339 976 1386 sit.-
1021 1339 1190 1403 prima
1225 1338 1374 1386 liuius
1409 1340 1625 1385 civitatis
1663 1345 1911 1404 ternpora‚
1958 1338 2077 1385 inde
2121 1356 2154 1385 a
2191 1356 2270 1386 co-

583 1407 723 1457 lonia
758 1407 971 1457 deducta
1005 1426 1163 1475 usque
1197 1408 1269 1455 ad
1301 1409 1489 1456 exitum
1526 1408 1650 1457 belli
1677 1408 2114 1475 Peloponnesiaci,
2153 1408 2270 1457 dili-

508 1475 546 1546 Ξ-
577 1483 757 1545 qenter
791 1482 843 1526 et
876 1478 1068 1526 curiose
1103 1477 1442 1526 examinanda
1487 1483 1540 1526 et
1572 1479 1861 1527 enarranda
1892 1484 2263 1545 proponuntur.

509 1565 511 1567 ·
656 1546 963 1598 Studiorum
1008 1546 1414 1611 historicorum,
1473 1547 1732 1614 imprimis
1787 1547 1854 1597 ad
1903 1547 2132 1597 Graecas
2182 1566 2268 1597 res

508 1618 883 1684 spectantium,
930 1633 1120 1683 magno
1157 1634 1242 1666 me
1286 1634 1463 1665 amore
1507 1617 1803 1666 imbuerant
1839 1616 2269 1667 CLARISSIMI

509 1686 790 1738 CAROLI
828 1685 1208 1738 ODOFREDI
1242 1685 1633 1736 MUELLERI
1667 1685 1880 1736 scholae
1927 1686 1993 1736 de
2040 1687 2265 1755 antiqui-

504 1758 699 1808 tatibus
750 1757 1073 1807 Graecorum
1119 1756 1348 1823 puhlicis
1394 1755 1552 1823 paulo
1592 1763 1744 1807 antea
1791 1757 2079 1807 institutae.
2163 1759 2264 1807 Ita-

506 1844 607 1894 que
644 1844 750 1877 non
786 1826 937 1894 potui
972 1842 1079 1874 non
1115 1824 1265 1874 valde
1314 1824 1563 1874 delectari
1601 1828 1909 1893 quaestione
1946 1827 2036 1876 illa
2072 1845 2265 1895 propo-

504 1897 633 1964 sita,
684 1913 848 1967 quae,
902 1895 1106 1945 etiamsi
1152 1894 1366 1962 ingenio
1414 1911 1531 1943 meo
1570 1896 1905 1945 vehementer
1952 1896 2262 1961 diffiderem,

503 1973 678 2018 tamen
714 1968 787 2017 ita
823 1984 906 2016 me
942 1966 1141 2029 tenuit,
1197 1972 1257 2013 ut
1292 1964 1721 2032 qualiscunque
1707 1986 1762 2014 ιιι
1799 1984 2010 2016 arenam
2046 1966 2263 2018 descen-

504 2036 703 2088 derem.
797 2036 880 2086 De
938 2033 1378 2085 commentatione
1435 2052 1551 2083 mea
1595 2034 1971 2103 Amplissimus
2017 2037 2263 2088 Philoso-

502 2107 728 2175 phorum
766 2103 915 2157 Ordo
951 2104 1054 2154 hoc
1090 2102 1212 2154 tulit
1240 2101 1528 2172 judicium·

647 2176 1090 2227 Commentationis
1133 2174 1424 2223 Herodotea
1472 2178 1719 2224 sententia
1757 2178 2052 2242 inscriptae.-
2102 2174 2263 2233 Εἱδέ-

503 2265 597 2302 νοιι
652 2246 956 2320 ἄνθρωπον
1006 2243 1203 2308 ἐόντα,
1262 2262 1404 2309 οκως
1449 2262 1601 2328 χρη,
1653 2244 1717 2300 τὸ
1753 2248 2024 2310 βέβαιον,
2088 2247 2261 2303 δοκέω

505 2316 773 2385 οὐδαμῶς,
809 2322 986 2366 auctor
1022 2317 1220 2383 longius
1256 2317 1499 2379 excurrit,
1539 2333 1689 2384 quam
1724 2318 1887 2381 operis
1922 2317 2053 2365 ratio
2085 2322 2259 2383 postu·

474 2408 475 2411 ¹
508 2387 663 2437 labat.
738 2386 872 2438 Nam
908 2405 1020 2437 cum
1055 2388 1279 2457 quaestio
1311 2388 1572 2453 proposita
1599 2386 1818 2451 1⁶·ube1et‚
1852 2391 1913 2434 ut
1951 2386 2259 2437 Thur-iorum

504 2460 719 2507 civitatis
767 2458 979 2507 historia
1024 2458 1142 2506 inde
1184 2473 1218 2503 a
1266 2457 1465 2504 colonia
1510 2457 1712 2505 condita
1752 2474 1910 2523 usque
1952 2458 2023 2505 ad
2068 2460 2258 2507 exitum

506 2527 630 2576 belli
660 2528 1076 2595 Peloponnesiaci
1105 2525 1458 2587 deduceretur,
1510 2544 1639 2594 quae
1687 2526 1749 2575 ob
1797 2545 1905 2574 eam
1943 2529 2100 2593 ipsam
2138 2545 2255 2576 cau-

503 2615 608 2647 sam
646 2602 747 2645 tam
762 2600 915 2646 arctis
929 2598 1116 2667 finibus
1141 2598 1510 2662 circumscripta
1545 2602 1638 2659 est,
1678 2615 1742 2645 ne
1772 2613 1925 2662 opera
1948 2599 2256 2681 praestanda

502 2669 710 2717 nimium
747 2672 935 2734 ternpus
970 2668 1267 2730 absumeret,
1304 2684 1428 2714 neve
1466 2683 1589 2733 opus
1625 2668 1933 2716 condendum
1970 2669 2023 2715 in
2046 2669 2255 2719 nimiam

501 2738 682 2787 molem
711 2744 1043 2788 excresceret.-
1084 2739 1506 2792 commentationis
1540 2740 1755 2803 scriptor
1788 2739 2050 2805 antiquam
2087 2736 2145 2789 S
2126 2739 2251 2805 Jba

501 2812 585 2860 rin
621 2812 756 2860 intra
790 2807 1030 2860 ambitum
1065 2811 1229 2879 operis
1247 2810 1329 2859 sui
1350 2807 1745 2877 comprehendit.-
1785 2808 1923 2878 quod
1953 2807 2250 2860 Italicarum

501 2898 668 2931 rerum
703 2886 856 2949 caput
883 2897 978 2948 per
1010 2899 1063 2931 se
1098 2880 1456 2947 amplissimum
1490 2897 1600 2928 cum
1638 2880 1946 2928 Thur-iorum
1981 2881 2250 2930 annalibus
