2878 3690
1465 305 1501 350 4

733 426 783 468 In
816 424 985 467 Thuriis
1011 422 1283 466 aedificandis
1316 422 1454 465 coloni
1487 422 1664 464 maxime
1696 422 1893 467 videntur
1923 424 2179 470 ΗΙΡΡΟΒΑΜΙ
2205 424 2358 469 Milesii

609 502 737 547 opera
767 485 829 529 usi
862 500 974 536 esse,
1022 484 1094 543 qui
1123 484 1318 528 Piraeum
1353 481 1588 527 absolverat
1623 481 1824 526 aedificiis
1864 485 2166 531 instruendum.
2193 504 2240 530 ac
2273 488 2360 531 for-

612 559 717 592 tasse
750 565 772 590 a
805 545 965 589 Pericle
999 546 1053 589 ad
1100 562 1193 589 eum
1235 545 1363 590 finem
1406 544 1565 590 colonis
1604 545 1773 589 additus
1806 555 1904 589 erat.
1965 548 2085 592 Phot.
2113 560 2153 594 et
2180 549 2358 611 Hesych.

607 628 638 653 s.
679 628 715 655 v·
762 604 1043 666 Ἱπποδάμου
1097 608 1294 668 νέμησις·
1371 609 1617 669 Harpocrat·
1663 625 1694 652 s·
1724 626 1759 651 v.
1797 602 2116 665 Ἱπποδάμεια.
2188 612 2359 658 Aristot.
2427 641 2429 644 -

607 670 694 715 Pol.
714 671 768 725 11,
786 673 825 715 5.
854 671 998 732 ibique
1030 670 1228 715 Schneid.
1262 670 1400 715 Schol.
1432 670 1645 732 Aristoph.
1678 670 1782 731 Equ.
1800 673 1905 714 327.
1968 670 2263 731 Hippodamus
2293 676 2361 719 in·

604 733 754 793 primis
794 745 941 777 auctor
978 733 1057 776 fuit
1098 734 1271 777 Graecis
1315 733 1485 776 urbium
1528 734 1583 776 ad
1615 751 1806 777 normam
1840 734 2209 787 exstruendarum,
2253 737 2362 779 anti-

604 812 714 855 quae
744 794 931 839 vicorum
965 806 1198 839 structurae
1232 794 1459 852 angulosae
1483 811 1633 854 genere
1657 795 1811 839 relicto.
1876 795 2059 839 Thurios
2094 795 2203 839 enim
2234 795 2363 841 refert

602 857 823 901 Diodorus
851 859 945 910 XII,
976 859 1045 900 10.
1079 857 1311 900 seeundum
1343 856 1650 914 longitudinem
1682 858 1726 900 in
1756 868 1936 917 quatuor
1970 859 2080 902 vicos
2114 858 2360 903 distributos

608 936 717 971 esse,
777 919 930 978 quibus
976 919 1149 961 nomina
1192 917 1384 961 indidere
1422 918 1669 971 Heracleae,
1720 919 1758 961 A
1793 919 2049 973 hrodisiadi,
2104 920 2362 982 Olympiadi,

602 980 880 1042 Dionysiadi:
932 980 1164 1024 secundum
1211 980 1472 1024 latitudinem
1515 981 1559 1023 in
1605 991 1687 1023 tres
1725 936 1905 1040 piiteas,
1957 998 2062 1040 quas
2101 982 2362 1041 appellavere

603 1044 808 1095 Heroam,
842 1042 1071 1095 Thuriam,
1106 1043 1363 1085 Thurinam:
1408 1060 1514 1102 quos
1559 1041 1711 1085 deinde
1749 1060 1871 1086 muro
1905 1042 2162 1087 circumdato
2204 1044 2362 1103 pulcris

604 1104 778 1147 aedibus
812 1103 1087 1164 repleverunt.
1153 1105 1207 1153 Ο,
1229 1103 1372 1150 Muell.
1398 1105 1523 1148 Dorr.
1549 1105 1609 1157 II,
1634 1106 1740 1148 255.
1774 1106 1961 1149 Handb.
1978 1107 2176 1150 cLArch.
2205 1108 2242 1164 ἓ.
2259 1108 2361 1151 111.

602 1166 910 1209 Wachsmuth.
938 1169 1097 1210 hellen.
1117 1170 1314 1211 Alterth.
1337 1168 1444 1218 11‚2‚
1474 1184 1516 1226 p.
1532 1166 1606 1210 40.
1628 1167 1732 1210 361.
1798 1168 1917 1211 Hanc
1951 1168 2196 1224 sententiam
2227 1186 2365 1230 nuper

604 1228 836 1271 admodum
867 1228 1132 1287 impugnavit
1156 1229 1250 1271 LEO
1272 1241 1311 1271 v.
1332 1229 1516 1271 KLENZE
1548 1229 1592 1270 in
1621 1230 1858 1285 Aphorist.
1883 1231 2256 1288 Bemerkangen,
2285 1249 2365 1290 ge-

606 1292 815 1334 sammelt
858 1292 958 1346 anf
992 1292 1141 1332 seiner
1174 1292 1312 1332 Reise
1353 1291 1474 1333 nach
1509 1291 1854 1333 Griechenland
1893 1306 1933 1348 p.
1955 1290 2049 1333 410
2078 1308 2189 1350 sqq.:
2229 1308 2366 1352 neque

605 1362 745 1395 tamen
776 1351 853 1394 viri
878 1351 990 1395 docti
1019 1351 1300 1394 dubitationes
1333 1368 1399 1393 me
1427 1366 1668 1410 permovere
1693 1361 1943 1408 potuerunt,
1972 1362 2017 1393 ut
2051 1368 2074 1393 a
2097 1352 2203 1395 Clar.
2228 1353 2366 1396 Muel-
2394 1352 2396 1355 ¹

606 1413 696 1458 lero
730 1413 1000 1457 discederem.

730 1476 849 1518 Mare
882 1476 1063 1518 vicinum
1098 1477 1402 1533 importuosum
1438 1474 1567 1517 fuisse
1599 1491 1647 1516 ac
1680 1474 1875 1533 procellis
1910 1474 2160 1526 obnoxium,
2191 1487 2363 1519 monent

606 1537 803 1579 Timaeus
838 1554 902 1595 ap.
933 1536 1029 1579 Ath.
1055 1537 1149 1588 XII,
1183 1537 1288 1588 519,
1322 1537 1350 1580 f.
1379 1548 1416 1580 et
1443 1535 1593 1597 Polyb.
1625 1537 1678 1588 X,
1707 1537 1746 1579 1.
1780 1535 2039 1579 Thuriorum
2083 1536 2226 1580 navale
2259 1538 2363 1581 Pro—

606 1598 753 1657 copius
786 1597 881 1641 bell.
917 1597 1045 1643 Goth.
1063 1598 1139 1649 ΙΙΙ,
1160 1598 1236 1645 28,
1255 1599 1453 1640 Rusciam
1490 1596 1684 1656 appellat.
1746 1597 1813 1641 Ab
1844 1597 1924 1640 hoc
1952 1598 2163 1641 castellum
2186 1599 2364 1642 Ruscia-

605 1676 708 1702 num
743 1663 794 1715 (S.
814 1659 1089 1710 Roscianum,
1112 1676 1146 1699 v.
1170 1658 1328 1701 Cluver.
1351 1659 1439 1701 Ital.
1462 1669 1544 1700 ant.
1576 1675 1615 1716 p.
1632 1660 1797 1714 1270),
1832 1676 1853 1701 a
1878 1660 2079 1702 Romanis
2099 1671 2364 1711 exstructum,

607 1739 692 1781 quo
722 1720 815 1764 loco
845 1738 958 1764 nunc
991 1721 1186 1763 Rossano
1220 1720 1422 1778 oppidum
1459 1730 1539 1770 est,
1569 1719 1645 1760 LX
1679 1719 1764 1761 fere
1797 1720 1930 1762 stadia
1965 1721 2107 1764 aberat
2128 1722 2176 1780 3).

734 1782 918 1826 Thurios
947 1781 1164 1841 proprium
1196 1781 1287 1840 ejus
1321 1781 1438 1824 urbis
1468 1796 1620 1823 nomen
1657 1779 1799 1833 fuisse,
1833 1798 1879 1823 ex
1907 1782 2045 1825 numis
2073 1793 2259 1842 apparet,
2290 1784 2362 1842 qui

609 1854 849 1886 constanter
879 1843 985 1886 illud
1019 1843 1238 1892 exhibent,
1281 1843 1461 1901 exceptis
1506 1842 1693 1891 duobuS,
1740 1842 1783 1882 in
1823 1843 1975 1899 quibus
2009 1845 2258 1891 ΘΟΤΡΙΑ
2299 1844 2361 1886 vel

605 1906 862 1953 &OTRIA
891 1905 1057 1961 legitur,
1085 1921 1149 1961 ap.
1172 1904 1375 1946 Mionnet.
1410 1914 1434 1945 t.
1453 1903 1485 1953 Ι,
1504 1919 1542 1960 p.
1561 1903 1662 1953 170,
1683 1918 1746 1944 nr.
1762 1903 1866 1946 695.
1929 1903 2076 1962 Suppl.
2110 1914 2134 1947 t.
2151 1906 2183 1948 l.
2200 1921 2238 1963 p.
2257 1905 2362 1958 324,

605 1983 671 2009 nr.
688 1966 817 2010 867.:
850 1965 894 2010 in
923 1982 1101 2026 quorum
1132 1965 1361 2025 posteriore
1389 1963 1505 2008 litera
1527 1964 1565 2006 R
1585 1963 1783 2006 seriorem
1803 1974 1975 2007 aetatem
1998 1965 2148 2024 arguit.
2192 1967 2362 2010 Praeter

605 2028 786 2072 sormam
815 2032 857 2073 T
852 2030 1010 2072 lucrios
1037 2029 1078 2071 in
1109 2027 1226 2072 libris
1258 2039 1441 2072 veterum
1475 2026 1746 2069 inveniuntur
1781 2029 1955 2071 Thuria
1988 2038 2027 2071 et
2066 2031 2361 2089 Tlmrimn·4)‚

607 2107 745 2150 neque
778 2090 958 2150 reperire
989 2091 1128 2150 potui,
1171 2090 1294 2133 aliam
1329 2101 1501 2133 aetatem
1536 2088 1614 2131 alia
1646 2105 1787 2131 earum
1817 2089 1889 2140 uti,
1916 2089 1991 2132 sed
2017 2107 2093 2149 per
2127 2101 2250 2134 totam
2286 2110 2361 2135 an-

608 2153 840 2211 tiquitatem
874 2153 1112 2211 promiscue
1145 2163 1415 2212 usurpantur.
1478 2152 1540 2194 Ne
1581 2150 1736 2207 singuli
1779 2151 1948 2210 quidem
1979 2152 2204 2211 scriptores
2233 2172 2360 2198 unani

609 2230 751 2258 earum
793 2214 1019 2275 praecipue
1062 2214 1287 2274 adoptant;
1334 2230 1367 2256 e.
1402 2230 1438 2272 g.
1469 2212 1583 2272 apud
1620 2212 1856 2255 Diodorum
1896 2223 1978 2255 tres
2025 2213 2224 2275 deinceps
2265 2217 2360 2259 illae

610 2277 770 2318 formae
800 2287 1039 2318 occurrunt.
1104 2277 1242 2335 Atque
1273 2275 1395 2318 facile
1430 2275 1592 2317 evenire
1623 2275 1778 2332 potuit,
1823 2286 1868 2317 ut
1899 2276 2269 2334 permiscerentur,
2304 2279 2361 2321 si-

612 2337 782 2396 quidem
815 2337 981 2380 Thuria
1018 2338 1255 2381 Messeniae
1298 2347 1337 2380 et
1368 2335 1576 2380 Thurium
1614 2335 1821 2379 Laconiae
1862 2346 1901 2380 et
1932 2337 2194 2381 Acarnaniae
2228 2350 2360 2383 exsta-

727 2482 769 2533 3)
806 2483 1022 2519 Mazocchii
1056 2483 1394 2528 hallucinationes,
1433 2482 1494 2519 cui
1528 2481 1669 2518 Ruscia
1705 2482 1752 2517 ab
1789 2481 1971 2517 hebraica
2006 2493 2099 2518 voce
2127 2483 2240 2530 τύΝἿ,
2279 2483 2304 2520 i.
2330 2496 2363 2521 e.

616 2532 743 2584 ἄκρα,
782 2535 1115 2583 promontorium,
1145 2534 1375 2570 descendere
1406 2533 1578 2575 videtur,
1609 2532 1786 2569 laudasse
1813 2540 1870 2568 sat
1898 2540 1962 2568 est.

731 2585 773 2635 4)
816 2588 969 2624 Thuriae
1000 2599 1093 2624 vero
1127 2598 1325 2635 nunquam
1359 2593 1449 2622 sunt
1481 2583 1624 2621 dictae:
1665 2596 1751 2620 nam
1790 2582 1893 2632 quod
1927 2583 2060 2621 Livius
2090 2585 2145 2629 X,
2173 2589 2209 2621 2.
2236 2584 2361 2631 tradit,

615 2638 781 2676 Thurias
821 2640 863 2675 in
898 2638 1118 2676 Sallentinis
1152 2652 1172 2675 a
1201 2638 1414 2688 Cleonymo
1445 2645 1570 2686 captas
1608 2634 1675 2686 (cf.
1701 2636 1912 2673 Romanell.
1939 2637 1987 2673 11.
2014 2651 2052 2685 p.
2067 2636 2168 2687 22),
2204 2638 2277 2674 hoc
2315 2637 2362 2674 ad

617 2691 775 2732 alteram
809 2692 942 2728 similis
977 2692 1143 2729 nominis
1182 2693 1314 2728 urbem
1355 2689 1601 2727 referendum
1639 2696 1706 2726 est.
1773 2687 1889 2734 Cujus
1926 2690 2111 2726 memoria
2147 2691 2273 2727 nescio
2314 2703 2362 2726 an

614 2750 765 2779 servata
792 2743 839 2777 sit
867 2743 906 2776 in
938 2745 1091 2778 nomine
1118 2744 1256 2778 Turris
1281 2743 1409 2785 urbis,
1449 2754 1564 2789 quam
1594 2741 1857 2787 episcoporum
1885 2741 2011 2778 medio
2042 2754 2137 2778 aevo
2162 2742 2290 2778 sedem
2315 2755 2364 2780 ex

617 2795 712 2831 actis
752 2792 791 2830 S.
819 2794 957 2830 Vitatis
995 2795 1141 2831 abbatis
1176 2802 1362 2830 memorat
1396 2792 1547 2840 Ughell.
1578 2792 1661 2828 Ital.
1689 2805 1793 2828 sacra
1818 2793 1843 2829 l.
1867 2793 1892 2830 l.
1947 2793 1991 2829 In
2029 2793 2158 2828 tabula
2189 2793 2362 2842 Peuting.

618 2845 741 2883 nostri
768 2845 908 2883 Thurii
934 2845 1050 2883 Turis
1086 2845 1265 2893 audiunt,
1303 2844 1405 2894 apud
1432 2844 1689 2893 geographum
1717 2844 1979 2882 Ravennatem
2006 2845 2152 2881 Turris.
