2960 3714
10 227 17 326 ἒ

10 330 17 460 ζ

15 470 18 494 1

14 515 17 528 ι

8 529 16 633 ⁸³

1522 349 1590 396 ⁴8

2395 418 2435 430 '—

679 475 868 511 auctores
905 462 1010 506 male
1035 460 1129 505 illos
1158 460 1402 505 confudisse
1425 470 1672 518 arguuntur.
1733 461 1828 504 Huc
1860 464 2071 521 pertinent
2103 465 2229 511 Diod.
2245 467 2341 521 XII,
2361 466 2433 512 16.

679 528 770 573 coll.
802 524 917 569 Stob.
938 540 1059 568 serm.
1078 525 1227 575 XLIV,
1242 527 1347 567 200.
1376 523 1503 568 Diod.
1521 525 1617 575 ΧΗ,
1634 524 1703 568 17.
1737 521 1831 566 coll.
1862 524 1979 568 Stob.
2006 525 2031 567 l.
2057 525 2081 568 l.
2111 529 2230 573 Dem.
2250 530 2431 574 Timocr.

676 608 718 651 p.
740 587 844 634 743.
879 597 918 631 et
962 584 1113 649 Polyb.
1137 586 1234 639 XII,
1268 588 1309 632 7.
1342 585 1458 630 Stob.
1483 586 1686 637 XXXIX,
1709 586 1781 631 77.
1854 584 2278 637 Luculentissimum·
2298 610 2434 639 exem-

675 651 806 713 plum,
838 648 954 710 quod
985 648 1133 693 ultimo
1166 647 1260 693 loco
1290 649 1537 710 posuimus,
1569 658 1629 691 est
1660 650 1847 694 narratio
1879 648 1932 693 de
1965 648 2115 709 laqueo
2147 651 2265 698 fatali
2293 654 2432 715 legum

675 711 848 759 custode
878 722 918 756 et
951 710 1004 755 de
1036 710 1277 762 monoculo,
1305 711 1377 772 qui
1411 711 1514 771 legis
1543 710 1595 754 de
1628 710 1794 756 talionis
1828 712 1920 772 jure
1954 711 2243 758 emendanda:
2272 716 2432 762 civibus

675 786 823 822 auctor
859 773 996 819 sactus
1038 773 1102 819 sit.
1165 773 1369 819 Thurinis
1409 791 1463 818 an
1514 774 1796 820 Locrensibus
1834 774 1905 820 illa
1940 774 2165 820 tribuenda
2207 775 2304 830 sint,
2345 796 2434 824 non

676 839 917 889 dubitatur,
962 836 998 880 si
1034 836 1329 880 Demosthenis
1372 846 1411 878 et
1446 835 1613 896 Polybii
1646 839 1932 882 auctoritatem
1964 838 2223 898 respicimus.
2286 840 2433 899 ltaque

675 900 789 945 illam
825 914 993 959 quoque
1025 896 1206 940 Diodori
1234 896 1590 940 narratiunculam
1628 897 1680 941 de
1715 898 1851 943 tribus
1883 900 2069 952 omnino,
2111 899 2212 944 dum
2247 900 2433 945 Thurio-

677 979 771 1008 rum
806 961 949 1006 civitas
983 958 1237 1012 constiterit,
1280 957 1341 1002 ibi
1370 957 1535 1018 legibus
1566 957 1802 1019 abrogatis,
1833 971 1880 1005 ut
1912 961 1967 1006 ad
2000 961 2167 1008 Zaleuci
2198 962 2433 1025 exemplum

676 1034 817 1085 aperte
849 1021 988 1066 fictam
1021 1021 1146 1082 plane
1179 1020 1390 1081 rejicimus
1422 1020 1638 1081 legemque
1681 1021 1734 1066 de
1777 1022 1925 1066 eodem
1966 1022 2116 1084 laqueo
2149 1041 2173 1067 a
2206 1025 2434 1069 Charonda

677 1085 987 1144 abjudicamus,
1034 1083 1324 1145 Pythagoreus
1349 1093 1487 1127 autem
1547 1082 1690 1127 uidam
1723 1083 2005 1145 philosophus
2037 1085 2141 1145 quin
2167 1086 2432 1145 prooemium

678 1158 718 1192 et
748 1146 861 1205 leges
896 1144 1172 1198 Charondae,
1209 1144 1353 1206 quales
1384 1162 1497 1189 nunc
1562 1144 1752 1199 abentur,
1790 1147 1849 1190 ita
1881 1146 2184 1207 composuerit,
2216 1147 2283 1191 vix
2315 1148 2432 1208 quis-

676 1226 803 1271 quam
836 1207 1069 1260 dubitabit,
1111 1207 1184 1268 qui
1223 1224 1318 1252 cum
1353 1205 1435 1251 illis
1468 1206 1855 1269 Pythagoreorum,
1896 1209 1968 1269 qui
2008 1219 2260 1269 supersunt,
2298 1209 2432 1254 libros

674 1270 988 1331 comparaverit.
1051 1269 1139 1313 Sed
1169 1285 1224 1313 ne
1262 1268 1442 1328 Bentleii
1481 1269 1652 1329 quidem
1690 1270 1963 1323 seutentiam,
1998 1271 2166 1315 Zaleuci
2208 1288 2339 1332 aeque
2383 1288 2431 1316 ac

676 1332 929 1379 Charondae
957 1331 1071 1389 leges
1104 1348 1199 1376 cum
1229 1331 1456 1391 prooemiis
1485 1330 1592 1375 nihil
1624 1331 1706 1375 nisi
1753 1341 2033 1376 commentum
2065 1348 2154 1376 esse
2187 1349 2211 1377 a
2242 1332 2432 1395 sophista

675 1397 819 1457 aliquo
848 1412 941 1439 sero
974 1393 1141 1437 demum
1173 1408 1424 1452 procusum,
1464 1408 1552 1434 non
1585 1391 1789 1435 audemus
1821 1393 2033 1451 adoptare.
2095 1394 2193 1437 Non
2226 1405 2309 1447 est,
2355 1411 2432 1439 cur

676 1475 763 1502 non
796 1454 1075 1517 philosophus
1109 1453 1176 1497 ille
1204 1470 1248 1496 re
1280 1469 1376 1496 vera
1410 1452 1593 1512 integras
1614 1452 1865 1497 Charondae
1886 1464 1925 1496 et
1944 1453 2112 1497 Zaleuci
2129 1453 2242 1513 leges
2271 1471 2431 1514 cogno-

674 1520 789 1562 verit.
856 1518 1075 1574 Quantum
1108 1533 1186 1558 nos
1219 1514 1388 1574 quidem
1421 1514 1634 1566 videmus,
1665 1525 1817 1558 temere
1849 1515 1976 1558 fuerit
2007 1515 2060 1558 ab
2086 1517 2254 1572 egregia
2274 1517 2430 1578 Heynii

675 1580 728 1625 de
776 1578 994 1638 utriusque
1033 1576 1196 1634 legibus
1248 1574 1541 1636 disquisitione
1582 1574 1811 1622 discedere.
1885 1575 1963 1620 Cui
2007 1575 2123 1636 quod
2167 1576 2432 1633 adderemus,

673 1657 805 1704 quum
859 1640 946 1683 sere
985 1638 1093 1682 nihil
1144 1653 1364 1698 superesse
1413 1637 1649 1690 videretur,
1702 1638 1805 1681 haec
1853 1638 2126 1698 paucioribus
2163 1638 2432 1684 absolvimus.

673 1703 993 1748 Prooemiorum
1025 1700 1194 1743 illorum
1228 1700 1452 1757 genuinam
1481 1698 1658 1742 sormam
1692 1699 1868 1744 fortasse
1899 1717 1947 1743 ex
1979 1699 2083 1744 Plat.
2110 1698 2219 1759 legg.
2236 1701 2309 1757 IV,
2325 1702 2433 1752 719.

678 1779 1005 1824 cognoscemus:
1038 1761 1090 1806 cf.
1123 1761 1176 1805 O.
1207 1759 1398 1804 Muelleri
1426 1760 1551 1804 Dorr.
1569 1762 1624 1813 11,
1651 1763 1759 1805 230.

815 1828 1172 1884 Protagoram
1224 1823 1457 1884 sophistam
1509 1823 1682 1867 Thuriis
1727 1824 1840 1883 leges
1882 1823 2123 1884 scripsisse,
2180 1834 2328 1869 auctor
2367 1835 2429 1869 est

673 1888 916 1934 Heraclides
948 1887 1150 1931 Ponticus
1184 1885 1365 1944 Diogeni
1399 1887 1537 1928 Laert.
1570 1886 1646 1937 IX,
1677 1885 1722 1939 8,
1754 1887 1792 1928 1.
1855 1886 2131 1943 Protagoram
2165 1886 2274 1930 circa
2316 1886 2428 1931 idem

674 1965 838 2013 tempus
871 1948 1023 1995 multas
1055 1966 1133 2009 per
1165 1947 1353 1992 Siciliam
1388 1957 1426 1990 et
1452 1945 1611 1990 Italiam
1647 1945 1772 1991 urbes
1804 1945 1978 1999 adiisse,
2019 1946 2230 1991 variorum
2263 1947 2429 1993 testium

674 2029 885 2061 consensu
913 2011 1094 2055 habetur
1120 2009 1408 2055 certissimum.
1448 2008 1512 2053 Ac
1534 2024 1662 2068 quum
1687 2007 1861 2052 Periclis
1883 2008 2039 2052 dicitur
2063 2024 2164 2052 usus
2192 2025 2280 2053 esse
2307 2009 2429 2054 fami-

673 2077 851 2121 liaritate
891 2073 1058 2131 (Plut.),
1097 2071 1278 2116 Pericles
1312 2082 1448 2115 autem
1484 2071 1603 2131 quasi
1643 2081 1762 2130 pater
1802 2070 1927 2115 suerit
1969 2069 2158 2115 coloniae
2200 2071 2429 2126 Thurinae,

671 2139 806 2200 possit
846 2136 946 2180 inde
986 2134 1047 2179 illi
1088 2134 1321 2178 narrationi
1365 2132 1502 2194 aliqua
1546 2133 1706 2193 species
1744 2132 1885 2193 adjici.
1953 2133 2098 2194 ltaque
2130 2149 2231 2177 sane
2263 2134 2429 2179 videtur

673 2201 760 2247 Th.
793 2197 977 2258 Bergkio
1022 2201 1082 2256 (p.
1110 2196 1233 2254 101.)
1271 2194 1453 2239 Pericles
1494 2196 1725 2253 Protagora
1766 2211 1868 2238 usus
1911 2210 2023 2248 esse,
2068 2211 2196 2256 quum
2236 2195 2426 2241 Thurios

674 2262 881 2309 coloniam
927 2258 1174 2310 deduceret,
1221 2267 1265 2300 ut
1308 2256 1419 2316 leges
1462 2274 1593 2300 novae
1629 2256 1724 2299 urbi
1762 2256 2025 2300 describeret.
2100 2256 2218 2300 Idem
2262 2257 2427 2302 videtur

672 2326 853 2387 probare
896 2320 1113 2380 Bentlejus
1157 2336 1299 2380 opusc.
1329 2337 1370 2379 p.
1389 2321 1492 2364 363.
1510 2319 1562 2379 6).
1638 2319 1846 2376 Diagoras
1890 2318 2042 2363 Melius
2083 2319 2423 2365 Mantinensibus

674 2388 785 2447 leges
814 2384 981 2445 scripsit
1013 2393 1053 2429 et
1078 2382 1167 2443 ipse
1199 2380 1400 2443 sophista.
1441 2380 1529 2426 Ael.
1555 2381 1671 2426 V.11.
1695 2383 1749 2436 Π,
1777 2384 1851 2426 23.
1913 2381 2059 2443 Neque
2090 2391 2228 2426 tamen
2263 2392 2302 2428 et
2332 2382 2424 2443 ipse

670 2486 795 2493 Μ,-
811 2484 865 2488 ..<-
879 2484 930 2488 ...-

780 2529 820 2578 6)
858 2527 1059 2565 Consentit
1092 2526 1267 2562 Hardion
1303 2525 1392 2563 diss.
1422 2525 1602 2563 huitieme
1637 2539 1704 2563 sur
1742 2525 1914 2572 l'origiue
1954 2533 1990 2561 et
2027 2525 2082 2560 les
2114 2521 2269 2572 progree
2301 2523 2349 2562 de
2384 2525 2422 2562 la

673 2581 913 2631 Rhetorique
941 2577 1037 2615 dans
1064 2577 1102 2614 la
1127 2576 1272 2622 Gracc,
1306 2579 1345 2614 in
1374 2575 1565 2615 Me'moires
1590 2578 1634 2614 de
1657 2578 1789 2613 Pacad.
1820 2584 1847 2614 t.
1866 2577 1955 2620 XV,
1994 2583 2032 2612 et
2059 2574 2103 2611 L.
2128 2575 2171 2612 F.
2196 2577 2352 2614 Herbst.
2379 2578 2421 2614 in

674 2637 853 2673 Petersen
889 2632 1051 2682 philolog.
1082 2631 1158 2665 hist.
1186 2630 1327 2665 Studien
1355 2635 1423 2666 etc.
1454 2644 1489 2678 p.
1509 2634 1580 2666 106
1604 2642 1662 2677 sq.
1689 2628 1757 2677 qui
1785 2629 2015 2674 Protagorae
2041 2628 2277 2675 potissimum
2307 2627 2422 2679 ἀκρι-

672 2688 795 2737 ficiam!
823 2687 860 2723 in
889 2685 1035 2731 legibus
1063 2682 1297 2718 Thin—iorum
1332 2681 1378 2716 ab
1403 2682 1557 2730 Ephoro
1584 2688 1752 2719 notatam
1781 2679 1913 2715 deberi
1941 2687 2057 2727 putat,
2086 2692 2204 2729 quum
2226 2679 2273 2717 ad
2292 2693 2422 2717 emen·

673 2738 816 2775 dandas
845 2733 1074 2773 Charondae
1102 2734 1199 2781 leges
1225 2747 1245 2770 a
1266 2733 1425 2771 Thuriis
1453 2735 1500 2771 sit
1529 2732 1726 2770 admissus.
1779 2729 1884 2768 Idem
1913 2731 2049 2768 mirum
2072 2730 2111 2768 in
2135 2731 2291 2769 modum
2320 2736 2422 2771 θου-

672 2787 912 2841 ριομάντεις
936 2788 1051 2823 Arist.
1070 2788 1161 2822 nub.
1183 2790 1272 2822 331.
1297 2795 1422 2823 censet
1450 2794 1607 2834 propter
1629 2786 1874 2831 Protagoram
1897 2791 1933 2820 et
1961 2784 2084 2832 ipsum
2104 2784 2295 2820 Thurium
2321 2782 2421 2821 inter

672 2841 864 2890 sophistas
900 2837 1104 2876 nominari.
1139 2856 1191 2863 —-
1238 2833 1454 2885 ‘Augup’eiu
1485 2836 1713 2874 Charondae
1740 2836 1922 2873 tribuitur
1949 2835 1986 2871 iu
2015 2836 2101 2872 loco
2129 2843 2304 2885 suspecto
2333 2836 2420 2874 Ari·

672 2893 815 2931 stotelis
855 2892 933 2941 pol.
956 2890 1003 2936 11,
1026 2894 1061 2926 8.
1087 2902 1123 2937 p.
1140 2892 1187 2923 68
1217 2887 1358 2924 Goettl.
