3014 3716
1361 289 1424 337 13

802 411 999 457 σπεῦσαι
1031 401 1080 456 δὲ
1112 405 1366 469 (Sybaritas)
1404 401 1490 455 καὶ
1522 401 1603 455 τόν
1637 406 1730 454 τῶν
1761 399 2040 467 Ὀλυμπίων
2077 399 2196 454 ὅπως

797 474 961 528 ayma
987 468 1323 524 καταλύσωσι,
1358 466 1446 517 τα’ς
1477 486 1531 515 τε
1558 470 1640 515 τοῦ
1668 463 1773 531 Διός

795 530 998 580 α’νέλωσι
1027 530 1196 590 τιμάς,
1220 527 1331 592 τῇδε
1368 534 1431 589 τῇ
1458 527 1739 590 παρευρέσει.

792 591 1101 655 εΑδρόμισθυν
1135 587 1190 651 δὴ
1219 591 1313 654 γάρ
1330 591 1379 651 3)
1408 586 1627 649 γυμνικόν
1658 588 1740 638 τιν’
1775 589 2048 644 ἐπετέλουν,

792 656 926 706 aea-ra*
962 655 1042 705 τὸν
1069 653 1231 717 χρόνον
1260 654 1341 703 τόν
1370 651 1510 701 αὐτόν
1534 650 1759 704 Ἠλέιοις,
1793 651 1867 699 ἵνα

795 723 891 767 παῖς
926 736 999 767 τις
1024 717 1135 778 πρὸς
1164 714 1336 765 mironis
1362 718 1455 764 τοῖς
1486 713 1728 765 ἐπάθλοις
1740 714 1778 772 4)
1813 711 2029 771 α’γὸμενος

793 774 978 828 σπεύδει
1014 782 1291 833 καταντᾶν,
1327 774 1576 826 α’πολιπῶν
1605 775 1694 834 τήν
1722 772 1966 826 Ἑλλάδα.

792 844 1120 904 Κροτωνιᾶται
1153 842 1352 898 πλήσιον
1391 834 1439 889 δὲ
1470 838 1661 900 κείμενοι

787 903 923 952 acam*
958 902 1126 966 κριίτος
1161 901 1329 952 αὐτούς
1367 894 1482 965 ἦραν
1512 905 1562 950 ἐν
1595 901 1782 963 βραχεῖ
1806 897 1956 964 χρόνῳ
1994 918 2039 948 κ.
2062 916 2105 949 τ.
2127 900 2179 949 λ.

647 980 795 1039 Quivis
826 982 913 1043 jam
944 980 1077 1034 videt,
1113 998 1200 1025 non
1240 981 1375 1025 inesse
1412 979 1456 1024 in
1490 979 1554 1024 his
1586 978 1749 1032 verbis,
1784 995 1891 1039 quae
1923 977 2022 1022 inde
2050 976 2261 1031 extricavit

518 1042 765 1088 Voemelius.
837 1043 960 1088 Adde
997 1043 1274 1096 Athen.X11,
1308 1043 1422 1095 521,
1453 1043 1506 1085 f.:
1558 1036 1709 1103 διόπερ
1749 1039 2008 1090 α’νοὶστατοι
2052 1040 2261 1097 ἐγένοντο

517 1105 603 1154 καὶ
632 1101 953 1171 διεφθάρησαν
983 1103 1194 1155 ἅπαντες
1226 1104 1265 1154 οἱ
1292 1103 1376 1155 καὶ
1402 1108 1497 1154 τῶν
1522 1100 1802 1162 Ὀλυμπίων
1832 1101 1911 1152 τδν
1942 1099 2070 1151 πάνυ
2096 1098 2262 1160 α’*γῶνα

516 1165 788 1231 ἀμαυρῶσαι
808 1168 1148 1224 ἐθελήσαντες,
1169 1164 1352 1218 καθ’ὃν
1378 1165 1472 1229 γοὶρ
1499 1163 1674 1225 ἄγεται
1696 1164 1855 1227 καιρόν
1885 1162 2263 1226 ἐπιτηρήσαντες,

517 1226 698 1279 ἄθλων
720 1227 968 1292 ὕπερβολῇ
987 1228 1045 1277 ὥς
1063 1228 1231 1277 αὐτούς
1249 1232 1420 1277 καλεῖν
1441 1227 1706 1288 ἐπεχείρουν
1729 1227 1833 1276 τούς
1853 1224 2100 1283 ἀθλητάς.
2146 1225 2261 1283 Ergo

518 1308 606 1335 non
641 1291 686 1334 in
715 1291 818 1352 ipsis
847 1290 958 1335 ludis
992 1289 1253 1335 celebrandis
1286 1287 1477 1349 oppressi
1510 1298 1618 1331 sunt.
1680 1287 1823 1331 Potuit
1859 1287 2028 1348 quidem
2061 1289 2109 1330 V.
2137 1288 2188 1330 D.
2214 1287 2260 1331 in

519 1353 764 1396 sententiam
798 1369 916 1396 suam
947 1352 1119 1394 laudare
1150 1352 1256 1394 Plin.
1289 1352 1341 1395 N.
1369 1352 1421 1396 H.
1446 1352 1535 1403 VII,
1566 1354 1661 1393 22:
1702 1352 1906 1395 Auditus
1938 1367 2077 1394 unum
2109 1367 2261 1394 exem-

511 1418 645 1473 plum
675 1415 809 1457 habet
841 1415 1063 1464 mirabile,
1082 1416 1329 1470 proelium,
1361 1429 1448 1471 quo
1468 1413 1661 1472 Sybaris
1684 1414 1833 1456 deleta
1861 1421 1940 1463 est,
1970 1428 2021 1455 eo
2055 1414 2143 1466 die,
2175 1427 2261 1470 quo

516 1483 695 1533 gestum
727 1483 843 1529 erat,
874 1476 1083 1518 auditam
1117 1476 1380 1533 Olympiae:
1409 1490 1493 1533 quo
1520 1473 1697 1516 fortasse
1729 1473 1952 1516 multitudo
1985 1472 2038 1515 ad
2060 1472 2260 1516 solemnia

522 1535 771 1579 celebranda
802 1535 1024 1597 Olympiae
1062 1551 1230 1578 versans
1266 1534 1396 1578 cladis
1427 1535 1516 1593 ejus
1543 1535 1695 1579 certior
1725 1535 1835 1578 facta
1868 1551 1957 1578 esse
1987 1533 2260 1592 significatur.

520 1598 607 1642 Sed
638 1614 691 1641 ne
723 1597 783 1642 sic
817 1597 985 1658 quidem
1029 1596 1259 1656 quidquam
1300 1595 1372 1639 tali
1405 1595 1541 1639 famae
1580 1595 1863 1639 tribuendum.
1933 1596 2107 1639 Exstant
2149 1596 2259 1639 enim

517 1659 724 1722 plurimae
758 1659 965 1720 ejusmodi
999 1658 1187 1712 fabulae,
1226 1658 1380 1720 quibus
1408 1658 1518 1701 idem
1552 1659 1763 1718 repetitur.
1808 1658 1869 1700 Cf.
1898 1657 2005 1701 Plin.
2037 1657 2062 1701 l.
2091 1675 2125 1702 c.
2153 1658 2263 1703 Plut.

516 1721 665 1767 Aemil.
696 1722 828 1767 Paull.
854 1739 888 1766 c.
904 1722 967 1765 24
986 1738 1045 1781 sq.
1076 1732 1115 1765 et
1146 1720 1217 1780 qui
1251 1721 1319 1764 alii
1349 1720 1401 1762 de
1433 1737 1576 1780 pugna
1610 1720 1664 1763 ad
1698 1720 1875 1778 Sagram
1909 1719 2136 1764 laudantur
2168 1719 2260 1765 loci.

517 1784 711 1844 Denique
755 1784 809 1829 de
852 1783 1087 1827 testimonio
1131 1782 1257 1825 Plinii
1295 1782 1347 1828 N.
1378 1782 1428 1824 H.
1448 1783 1542 1834 XII,
1572 1782 1625 1833 4,
1672 1782 1931 1825 Herodotum
1965 1784 2015 1826 A.
2049 1785 2101 1828 U.
2119 1783 2261 1828 CCCX

517 1846 697 1891 Thuriis
727 1845 944 1889 historiam
978 1861 1095 1888 suam
1129 1843 1381 1896 condidisse,
1413 1843 1522 1887 infra
1548 1842 1794 1890 videbimus.
1856 1844 1948 1887 Non
1971 1844 2064 1904 plus
2099 1845 2259 1889 confert

519 1908 576 1953 ad
612 1907 812 1954 Voemelii
855 1907 1057 1952 rationem
1101 1905 1375 1959 firmandam,
1417 1922 1542 1966 quam
1583 1904 1678 1949 illae
1714 1906 1765 1950 de
1805 1907 1932 1969 Lysia
1976 1908 2258 1952 enarrationes

516 1988 645 2031 supra
677 1970 877 2014 laudatae.

646 2031 751 2084 Alii,
783 2041 828 2075 ut
855 2029 1121 2076 difficultates
1161 2028 1256 2074 illae
1298 2029 1615 2092 expedirentur,
1651 2029 1839 2075 coloniae
1880 2031 2068 2076 decretae
2113 2041 2153 2075 et
2189 2031 2260 2075 de·

518 2093 670 2137 ductae
704 2102 892 2154 tempora
932 2092 1210 2136 distinxerunt
1241 2093 1296 2151 (v.
1329 2110 1364 2137 c.
1386 2093 1649 2152 Wesseling.
1682 2094 1737 2136 ad
1771 2094 1898 2137 Diod.
1918 2096 2013 2147 XII,
2045 2094 2140 2153 1o):
2187 2094 2262 2137 sed

517 2156 585 2200 vix
610 2155 840 2215 quidquam
875 2155 975 2200 inde
1007 2154 1232 2199 lucramur.
1299 2154 1454 2200 Omnia
1496 2171 1595 2200 vero
1637 2154 1748 2200 clara
1781 2166 1900 2209 sunt,
1944 2157 1978 2201 si
2012 2155 2054 2199 in
2087 2172 2135 2198 eo
2164 2172 2261 2216 per-

518 2217 720 2270 sistentes,
747 2216 863 2277 quod
891 2216 1107 2261 Diodorus
1140 2217 1291 2270 innuit,
1323 2217 1531 2262 coloniam
1562 2217 1732 2261 alteram
1763 2218 1976 2260 Archonte
2005 2216 2260 2261 Callimacho

520 2279 743 2325 deductam
771 2294 858 2323 esse
889 2288 1140 2333 statuamus,
1179 2279 1214 2323 L
1245 2279 1348 2323 siam
1387 2290 1521 2324 autem
1558 2290 1596 2323 et
1630 2278 1888 2322 Herodotum
1923 2278 2040 2322 alteri
2073 2277 2262 2323 coloniae

520 2359 567 2386 se
600 2342 860 2401 adjunxisse,
897 2359 1003 2401 quae
1045 2296 1250 2386 Praxitele
1282 2354 1474 2402 praetore
1504 2341 1680 2387 Athenis
1705 2340 1893 2401 prosecta
1925 2351 1987 2386 est
2019 2339 2074 2386 ad
2105 2357 2263 2403 augen-

522 2403 624 2449 dum
656 2414 806 2450 statum
849 2420 979 2450 novae
1009 2403 1182 2449 civitatis
1225 2404 1429 2448 seditione
1455 2403 1546 2457 illa,
1583 2420 1666 2465 qua
1697 2404 1919 2466 Sybaritae
1962 2404 2122 2464 expulsi
2155 2416 2265 2457 sunt,

521 2465 641 2510 valde
673 2465 978 2511 labefactatum.
1039 2468 1126 2510 Has
1160 2467 1266 2509 duas
1299 2467 1483 2510 colonias
1507 2466 1784 2510 secernendas
1816 2485 1929 2520 esse,
1972 2467 2136 2526 egregie
2167 2483 2263 2527 per·

522 2545 711 2588 spexere,
744 2531 815 2587 qui
845 2528 1084 2588 nuperrime
1115 2527 1167 2573 de
1199 2539 1383 2591 tempore
1415 2528 1673 2574 Thuriorum
1703 2528 1967 2575 conditorum
1995 2530 2263 2590 scripserunt,

521 2589 800 2636 Hoelscherus
832 2590 875 2634 in
908 2591 1017 2636 libro
1045 2590 1099 2635 de
1130 2591 1213 2635 vita
1247 2602 1287 2637 et
1314 2592 1481 2652 scriptis
1514 2593 1665 2654 Lysiae
1695 2594 1896 2645 oratoris,
1938 2609 1980 2651 p.
2007 2592 2193 2644 17-21,
2225 2604 2264 2635 et

524 2790 564 2827 D
608 2736 671 2827 d3)
706 2738 791 2775 Hoc
817 2736 1046 2776 vocabulum
1072 2746 1173 2776 recte
1198 2735 1329 2775 inserit
1347 2734 1394 2775 ad
1415 2742 1578 2775 metrum
1602 2735 1907 2776 constituendum
1930 2737 2118 2775 Krebsius
2144 2736 2265 2775 Lecu.

566 2791 605 2830 io
634 2821 642 2829 .
671 2804 709 2840 p.
726 2794 812 2828 165.

632 2841 676 2891 4)
710 2843 773 2881 sic
799 2842 986 2880 Krebsiue
1010 2843 1078 2879 1.1.
1106 2856 1155 2880 ex
1180 2841 1368 2880 Palatino.
1419 2841 1636 2889 Legebamr
1665 2850 1798 2880 contra
1836 2850 1999 2881 metrum
2033 2840 2263 2885 ἐπιιθλιόις.
