2960 3689
1574 329 1645 375 42

736 443 814 488 cile
843 443 978 504 potuit
1004 441 1176 486 institui.
1222 442 1451 487 Gentilium
1480 440 1667 485 tribuum
1698 458 1746 485 ex
1775 443 1922 485 ceteris
1948 444 2131 502 Magnae
2158 446 2217 489 G1
2221 460 2355 489 ‘tectae
2387 444 2485 488 civi-

736 506 889 550 tatibus
922 503 1156 565 exemplum
1186 516 1356 565 praesto
1392 516 1454 550 est
1485 503 1835 548 Crotoniensium.
1882 503 2024 550 schot.
2056 507 2233 552 Theocr.
2265 510 2336 561 IV,
2367 508 2439 552 21

860 566 1082 626 Superest,
1121 577 1168 610 ut
1200 567 1253 610 de
1291 568 1462 627 judiciis
1495 566 1655 626 aliquid
1691 565 1919 618 addamus,
1961 566 2005 609 in
2039 567 2200 638 quibus
2226 569 2485 613 Athenarum

737 628 969 689 exemplum
993 627 1109 673 haud
1132 627 1295 674 difficili
1323 630 1492 689 negotio
1522 629 1721 673 invenias,
1779 627 1958 672 Cuilibet
1985 627 2093 671 enim
2125 628 2202 672 civi
2229 629 2343 675 licuit
2373 631 2486 691 judi-

736 691 847 734 cium
881 690 1014 734 serre:
1046 692 1132 734 imo
1164 708 1252 735 non
1286 692 1421 736 solum
1453 691 1590 744 licuit,
1622 691 1697 734 sed
1724 707 1771 734 ex
1800 689 2047 734 Charondae
2081 689 2171 748 lege
2203 690 2313 733 inter
2343 693 2487 737 munia

735 752 908 813 publica
941 753 1034 806 suit,
1062 753 1119 797 ita
1152 764 1199 797 ut
1230 754 1280 807 ii,
1312 755 1383 815 qui
1413 753 1574 813 judices
1606 769 1694 798 esse
1727 753 2015 806 detrectarent,
2041 768 2199 812 poenas
2233 751 2333 795 dare
2364 770 2487 812 coge-

737 825 906 859 rentur:
948 816 1067 859 sed
1056 833 1100 858 in
1142 816 1302 859 ratione
1343 820 1434 874 ejus
1477 832 1638 875 poenae
1683 815 1807 875 plane
1841 815 2044 859 diveisam
2079 814 2131 858 ab
2168 813 2486 859 Atheniensium

737 878 938 921 institutis
960 877 1149 920 videmus
1173 877 1422 922 Charondae
1450 876 1608 935 legem:
1637 894 1733 921 nam
1756 877 1916 922 Pericle
1945 888 2111 921 auctore
2135 876 2309 920 Athenis
2331 895 2487 921 melces

737 938 925 997 judiciali
960 939 1182 981 constituta
1219 949 1303 992 est,
1349 956 1433 1000 quo
1466 939 1663 981 omnibus
1696 938 1872 982 facultas
1905 939 2176 998 praeberetur
2216 939 2370 997 judicia
2405 939 2488 982 sre-

737 999 992 1059 quentandi:
1046 1001 1239 1057 sagacius
1282 1002 1425 1061 utique
1460 1000 1731 1053 Charondas‚
1773 1001 1845 1060 qui
1886 1001 2143 1060 pauperihus
2185 1000 2376 1059 judicare
2417 1001 2488 1044 de-

739 1061 1013 1106 nectantibus
1045 1060 1309 1117 levissimam,
1342 1063 1539 1108 divitibus
1567 1073 1649 1107 tam
1679 1079 1846 1122 gravem
1880 1062 2093 1107 constituit
2123 1061 2311 1119 multam,
2343 1073 2388 1106 ut
2417 1079 2487 1107 eos

740 1141 762 1167 a
796 1124 965 1182 judiciis
1008 1141 1224 1184 nunquam
1259 1126 1404 1170 abesse
1437 1125 1538 1169 velle
1575 1125 1801 1185 exspectari
1834 1135 1996 1185 posset,
2038 1125 2083 1168 id
2121 1125 2236 1184 quod
2270 1125 2488 1169 commode

740 1185 973 1229 observavit
1010 1186 1200 1248 Heynius
1232 1204 1272 1247 p.
1299 1189 1399 1232 115.
1462 1189 1615 1245 Legem
1648 1187 1792 1248 prodit
1825 1188 1997 1232 Aristot.
2028 1177 2117 1231 Pol.
2141 1188 2211 1240 lv,
2239 1188 2308 1230 13.

1486 1331 1657 1370 Cnur
1691 1331 1747 1368 Π.

807 1396 884 1436 DE
911 1395 1055 1437 JURE
1084 1394 1257 1434 CIVILI
1281 1392 1945 1491 THURPIIIthIlzinggJCEDIT
1971 1391 2312 1434 DISPUTATIO
2344 1394 2417 1433 DE

865 1521 1053 1564 Thurios
1080 1520 1328 1564 Charondae
1359 1521 1556 1565 Catanaei
1587 1521 1752 1580 legibus
1785 1536 1884 1563 usos
1920 1535 2031 1575 esse,
2073 1536 2202 1579 quum
2235 1520 2361 1563 hodie
2393 1520 2491 1564 satis

740 1592 931 1627 constare
963 1582 1156 1627 videatur
1184 1582 1294 1626 inter
1324 1583 1436 1627 viros
1470 1583 1639 1636 doctos,
1672 1600 1766 1627 eum
1794 1581 1919 1626 nobis
1951 1580 2131 1625 licebit
2120 1600 2162 1627 1n
2196 1582 2275 1626 hac
2305 1582 2494 1641 disputa-

727 1645 851 1688 ·tione
884 1645 1076 1688 ordinem
1111 1645 1244 1704 sequi,
1276 1655 1323 1687 ut
1352 1645 1550 1705 primum,
1583 1655 1684 1706 quot
1716 1656 1803 1688 tum
1837 1643 2109 1697 Thuriorum,
2136 1655 2221 1688 tum
2244 1644 2493 1687 Charondae

738 1707 912 1751 nomine
942 1717 1127 1750 servatae
1161 1707 1244 1750 sint
1284 1705 1417 1764 leges,
1456 1724 1768 1759 recenseamus,
1810 1706 1961 1749 deinde
1995 1706 2046 1749 de
2082 1706 2330 1750 Charondae
2362 1717 2493 1750 aetate

743 1779 782 1811 et
816 1768 869 1811 de
897 1768 1035 1827 legum
1068 1768 1313 1811 traditarum
1346 1768 1581 1826 integritate
1614 1784 1799 1827 agamus.
1863 1768 1926 1811 De
1959 1768 2052 1827 jure
2079 1768 2250 1828 publico
2275 1768 2359 1812 sele
2386 1766 2493 1811 nihil

743 1841 1001 1888 compertum
1036 1830 1264 1881 habemus,
1309 1829 1391 1872 nisi
1435 1847 1482 1873 ea
1523 1847 1630 1889 quae
1663 1831 1718 1873 ad
1747 1845 1906 1889 poenas
1938 1846 1960 1870 a
1996 1830 2219 1873 Cbaronda
2252 1829 2493 1873 constitutas

740 1901 952 1950 spectant:
996 1891 1040 1934 in
1082 1891 1238 1950 quibus
1271 1906 1365 1933 eum
1405 1889 1544 1948 legum
1584 1891 1842 1933 conditorem
1887 1906 2139 1946 cognoscas,
2177 1890 2249 1950 qui
2292 1890 2410 1949 quasi
2439 1890 2493 1933 ad

738 1952 1011 1996 Doliensium
1058 1952 1291 2011 exemplum
1331 1952 1707 2009 (D01·1.11,224.)
1745 1950 1972 2011 praecipue
2019 1951 2153 1995 famae
2200 1952 2363 2011 pud01e
2403 1970 2492 1995 mo-

742 2030 811 2056 res
845 2013 1063 2056 hominum
1098 2013 1343 2064 emendare,
1382 2024 1505 2072 atque
1549 2013 1727 2056 liberum
1762 2012 2010 2071 obsequium
2042 2029 2141 2071 eiga
2184 2012 2295 2071 leges
2327 2014 2493 2056 institu-

740 2085 867 2134 taque
910 2073 1084 2118 civitatis
1125 2074 1384 2119 consciscere
1423 2074 1611 2118 voluerit.
1690 2073 1937 2133 Complules
1976 2075 2085 2118 enim
2129 2075 2217 2134 ejus
2262 2074 2373 2134 leges
2407 2092 2493 2118 me·

739 2146 980 2191 morantur,
1032 2153 1140 2196 quae
1185 2137 1238 2181 ad
1292 2136 1484 2181 homines
1530 2137 1717 2182 criminis
1762 2135 1941 2193 alicujus
1987 2137 2196 2182 convictos
2240 2137 2489 2182 contumelia

740 2198 988 2243 afficiendos
1033 2215 1166 2259 eoque
1218 2198 1382 2258 pudore
1425 2199 1480 2241 ad
1531 2200 1731 2258 majorem
1773 2199 1879 2242 vitae
1928 2197 2184 2242 honestatem
2233 2200 2491 2244 revocandos

740 2261 973 2322 pertinent.
1022 2261 1160 2321 prima
1204 2260 1257 2305 de
1299 2260 1541 2305 hominibus
1584 2261 1813 2305 malitiosae
1857 2259 2076 2305 delationis
2118 2262 2337 2313 convictis,
2385 2279 2491 2321 quos

741 2323 901 2386 myrica
934 2334 981 2368 ut
1011 2322 1193 2367 malitiae
1238 2322 1363 2367 ›alma
1394 2334 1616 2368 coronatos
1643 2340 1720 2384 per
1750 2322 1896 2366 urbem
1920 2323 2175 2368 ciicumduci
2197 2324 2319 2384 jussit
2345 2324 2491 2382 (Diod

741 2386 981 2442 Xll‚12.:)
1014 2385 1139 2429 altera
1175 2385 1227 2429 de
1259 2386 1324 2437 iis,
1356 2385 1391 2429 si
1421 2386 1492 2445 qui
1521 2386 1641 2443 signa
1661 2386 1703 2429 in
1724 2385 1835 2429 bello
1868 2384 2139 2437 deseruerint,
2168 2397 2237 2428 aut
2268 2403 2382 2429 arma
2412 2403 2491 2445 pro

741 2445 880 2508 patria
913 2446 1084 2490 omnino
1115 2464 1202 2492 non
1236 2447 1444 2508 ceperint:
1474 2447 1517 2491 in
1549 2464 1654 2519 q'uos
1688 2464 1778 2492 eam
1807 2463 1986 2507 poenam
2021 2447 2311 2500 constituelat,
2340 2458 2387 2492 ut
2415 2464 2491 2507 per

743 2509 932 2553 triduum
973 2509 1166 2551 muliebri
1206 2511 1352 2551 vestitu
1394 2510 1531 2553 amicti
1569 2511 1613 2552 in
1657 2510 1750 2552 foro
1790 2510 2056 2552 considerent
2099 2509 2355 2565 (D10d.MI‚
2392 2511 2492 2563 16):

743 2570 861 2614 tertia
894 2569 947 2613 de
980 2570 1166 2613 moechis
1198 2581 1236 2613 et
1268 2569 1497 2615 alienorum
1526 2571 1787 2629 negotiorum
1819 2570 2019 2622 curiosis,
2052 2587 2157 2630 quos
2189 2570 2395 2615 ludificari
2430 2571 2491 2614 sa-

745 2633 927 2692 cetisque
959 2648 1007 2675 ac
1043 2632 1259 2675 dicacibus
1290 2633 1488 2676 conviciis
1509 2633 1714 2691 exagitare
1744 2632 1873 2677 cuivis
1900 2631 2087 2691 permisit
2113 2632 2189 2690 (ad
2222 2633 2488 2677 Charondam

747 2694 900 2737 referre
952 2693 1093 2738 licebit
1142 2693 1277 2738 locum
1324 2694 1432 2740 Plut.
1470 2694 1522 2738 de
1564 2695 1715 2739 curios.
1752 2695 1902 2753 8.)1):
1965 2693 2144 2755 denique
2187 2694 2269 2739 huc
2312 2694 2492 2755 pertinet

856 2806 896 2857 1)
931 2808 1126 2845 Plutarchi
1153 2820 1282 2844 vocem
1306 2806 1586 2858 κωμῳδεῖσθαι
1615 2806 1661 2843 de
1685 2806 1794 2844 venia
1818 2805 1931 2845 ludos
1958 2807 2127 2845 scenicos
2156 2805 2322 2843 adeundi
2353 2805 2490 2843 intelli-

745 2862 858 2910 gebat
891 2858 1193 2896 Sainte·C1·oix.
