2905 3712
1515 326 1582 372 52

668 452 836 496 quoque
878 434 999 485 culti,
1051 434 1102 478 cf.
1134 434 1261 483 Arist
1294 434 1384 481 Pol.
1416 438 1465 489 V,
1501 438 1586 492 9.),
1649 435 1790 479 Liberi
1835 435 1935 479 fana
1986 437 2156 483 Thuriis
2200 439 2347 495 fuisse,
2394 458 2415 486 e

666 496 908 542 nominibus
948 496 1133 540 vicorum
1167 497 1455 543 Thurinorum
1492 516 1558 558 3Ρ.
1590 497 1763 542 Diodor.
1792 498 1889 552 XII,
1922 499 1991 542 10.
2022 499 2088 543 vix
2115 501 2251 547 audeo
2284 503 2416 563 conji-

670 575 771 601 cere.
836 558 1037 602 Mercurii
1077 570 1288 619 sceptium
1332 560 1590 632 conspicitur
1630 560 1672 602 in
1714 577 1843 603 numo
1877 577 1942 620 ap.
1974 560 2176 604 Mionnet.
2208 565 2354 627 Suppl.
2382 567 2416 619 I,

666 624 770 665 323
801 638 892 664 nro.
912 622 1039 665 859..
1083 621 1248 682 thyrsos
1282 623 1421 666 numis
1465 623 1687 681 inscriptos
1729 623 1812 680 jam
1848 623 2271 669 commemoravimus
2333 628 2415 671 Pa-

664 699 759 727 nem
792 681 994 727 litoralem
1030 681 1206 743 legimus
1243 685 1279 728 Γ
1283 684 1419 730 heou
1450 686 1498 738 V,
1535 685 1626 730 14.
1668 685 1786 744 cujus
1815 696 1900 730 erat
1929 683 2123 730 sacellum
2152 701 2285 746 prope
2308 689 2415 734 Cra-

664 746 768 789 thim
801 744 987 799 fluvium,
1020 746 1104 789 sive
1137 764 1268 806 prope
1301 764 1413 790 mare
1444 747 1582 791 situm.
1622 747 1879 807 Philosteph.
1901 765 1965 807 ap.
1983 747 2123 791 Schol.
2161 748 2415 796 Philoctetae

665 808 848 879 denique
891 808 1043 852 cultum
1089 826 1111 851 a
1145 810 1350 913 SJbaritis
1391 809 1504 866 (Mir.
1538 827 1648 853 ausc.
1683 828 1715 854 c.
1745 811 1844 853 115.
1878 809 1967 853 coll.
2001 810 2109 865 intt.)
2142 810 2197 853 ad
2230 811 2413 857 Thurios

664 870 903 922 transiisse,
938 870 1086 913 docere
1120 888 1156 913 vi
1193 882 1284 915 etur
1314 871 1504 915 Justinus
1538 873 1632 924 XX,
1663 872 1724 915 1.-
1765 874 2071 916 Thurinorum
2103 874 2259 917 urbem
2290 876 2414 918 Plu·-

664 936 854 975 locteten
887 935 1147 976 condidisse
1169 936 1357 989 jerunt,
1390 936 1537 990 ibique
1567 936 1718 978 adhuc
1750 944 2083 977 monumentum
2116 937 2218 992 ejus
2251 938 2413 980 visitur

663 1002 706 1037 et
725 995 945 1038 Herculis
973 996 1170 1052 sagittae
1199 997 1245 1038 in
1268 996 1501 1052 Apollinis
1526 999 1705 1055 templo,
1739 1011 1853 1053 quae
1875 997 2037 1052 fatum
2066 998 2126 1039 Tr
2130 998 2235 1055 ojae
2260 998 2411 1053 fuere.

664 1054 726 1098 Cf.
748 1056 811 1097 Et.
836 1056 895 1098 M.
918 1071 951 1098 3.
973 1072 1009 1098 v.
1040 1054 1248 1105 Ἀλαῖος
1289 1057 1430 1116 Steph.
1461 1074 1491 1101 s.
1512 1075 1546 1099 v.
1580 1056 1864 1105 Μάκαλλα.
1897 1060 2037 1100 Tzetz.
2060 1058 2158 1127 Lyc.
2181 1058 2285 1100 911.
2308 1060 2412 1102 927.

664 1116 740 1159 Sil.
768 1115 860 1160 Ital.
895 1118 1004 1169 XII,
1036 1117 1141 1161 433.
1216 1121 1265 1161 In
1310 1119 1471 1172 numis,
1516 1120 1585 1178 qui
1635 1120 1788 1189 Copiae
1831 1119 2026 1163 nomine·
2042 1118 2194 1177 signati
2240 1129 2411 1174 exstant,

661 1177 782 1230 Jani,
809 1177 1027 1231 Herculis,
1064 1179 1264 1221 Mercurii
1298 1180 1432 1238 capita
1467 1181 1794 1239 conspiciuntur.

783 1238 1060 1298 Disciplinam
1109 1240 1319 1298 publicam
1375 1241 1550 1284 maxime
1604 1251 1760 1300 3Ρει131
1804 1240 2053 1283 Charondae
2095 1240 2211 1300 quod
2256 1241 2410 1285 dicitur

660 1300 922 1371 prooemium
945 1318 1016 1371 ap..
1034 1301 1274 1353 Stobaeum,
1306 1318 1428 1345 serm.
1449 1304 1596 1353 XLIV,
1616 1320 1656 1360 p.
1672 1303 1764 1346 218
1785 1317 1873 1360 sqq.
1894 1302 2046 1353 Gaisf.;
2077 1302 2151 1344 sed
2174 1318 2409 1362 perpaucae

657 1362 702 1405 in
727 1362 807 1406 hoc
828 1362 1044 1422 prooemio
1072 1362 1195 1405 nobis
1228 1373 1411 1404 servatae
1430 1363 1513 1404 sint
1545 1363 1751 1420 genuinae
1775 1362 2021 1404 Charondae
2049 1364 2290 1416 sententiae,
2320 1364 2409 1424 ple-

657 1440 810 1483 raeque
844 1423 1143 1484 philosophum
1176 1423 1448 1482 posteriorem
1480 1434 1671 1482 arguunt.
1736 1427 1879 1482 Itaque
1910 1423 2074 1466 omissis
2105 1424 2177 1476 iis,
2209 1441 2315 1484 quae
2347 1426 2408 1469 ibi

658 1486 701 1529 in
734 1486 974 1530 universum
1010 1486 1062 1529 de
1090 1486 1274 1529 Deorum
1309 1486 1585 1541 veneratione,
1619 1485 1670 1530 de
1702 1485 1929 1529 reve1entia
1963 1503 2009 1529 ac
2042 1484 2192 1545 pietate
2223 1488 2407 1546 parenti-

656 1547 738 1591 bus
773 1559 811 1591 et
849 1547 1159 1606 magistratibus
1203 1548 1455 1608 praestanda
1494 1548 1651 1591 monita
1687 1558 1805 1599 sunt,
1847 1564 1915 1590 eas
1950 1557 2109 1590 tantum
2148 1547 2259 1606 leges
2293 1566 2407 1593 com-

656 1610 1005 1662 memorabimus,
1035 1625 1142 1669 quae
1178 1610 1232 1652 ad
1264 1609 1451 1667 singulas
1486 1610 1690 1669 quasdam
1720 1626 1784 1652 res
1818 1620 2015 1668 spectant.
2079 1609 2215 1669 Atque
2250 1626 2298 1654 ex
2323 1611 2405 1655 illis

656 1671 825 1731 quidem
869 1672 1053 1732 primum
1089 1687 1178 1711 eam
1212 1687 1339 1730 supra
1374 1671 1608 1728 attigimus,
1656 1688 1761 1730 quae
1804 1682 1848 1711 ut
1887 1670 2122 1730 respublica
2157 1670 2269 1713 salva
2298 1683 2405 1713 esset

656 1733 796 1776 multis
830 1751 907 1776 usa
938 1734 1075 1776 bonae
1102 1732 1374 1775 institutionis
1408 1733 1675 1783 custodibus,
1718 1749 1833 1783 eum,
1865 1737 1986 1788 cujus
2018 1732 2111 1790 quis
2142 1732 2402 1778 facinoribus

657 1792 849 1840 conscius
886 1804 1011 1849 esset,
1055 1791 1233 1838 indicari
1268 1791 1410 1854 jussit:
1454 1810 1539 1839 non
1580 1792 1719 1838 minus
1756 1809 1868 1847 eam,
1913 1809 2018 1856 quae
2051 1809 2146 1838 cum
2180 1791 2257 1839 hac
2292 1803 2403 1840 arcte

655 1858 875 1914 conjuncta
899 1867 981 1907 est,
1012 1867 1057 1898 ut
1089 1857 1321 1898 calumniae
1346 1858 1522 1898 convicti
1552 1858 1710 1914 myrica
1739 1857 1925 1898 coronati
1949 1873 2025 1913 per
2049 1858 2196 1897 urbem
2225 1858 2403 1900 circum-

655 1916 917 1965 ducerentur

777 1981 970 2023 Mortuos
1000 1979 1246 2021 Charondas
1269 1979 1394 2039 jussit
1420 1996 1504 2021 non
1538 1978 1732 2041 lacrymis
1756 1994 1832 2020 nec
1863 1977 2052 2020 lamentis
2080 1978 2292 2029 honorari,
2324 1979 2401 2021 sed

653 2043 765 2086 bona
809 2042 1121 2093 recordatione,
1166 2052 1288 2100 atque
1332 2059 1471 2085 annua
1515 2041 1682 2099 frugum
1717 2039 1948 2084 oblatione:
1991 2038 2195 2084 Stobaeus
2228 2056 2268 2098 p.
2287 2043 2393 2085 222.

650 2104 714 2148 De
756 2103 977 2148 funeribus
1017 2076 1244 2163 peciiliaria
1284 2102 1413 2146 fuisse
1456 2102 1713 2147 Thuriorum
1751 2101 1958 2156 instituta,
2000 2100 2271 2145 confirmatur
2302 2101 2396 2148 loco

650 2168 876 2211 Menandri
910 2166 1088 2209 rhetoris
1123 2183 1188 2225 ap.
1222 2165 1369 2209 Walz.
1403 2165 1479 2208 vol.
1508 2169 1584 2220 1X,
1616 2183 1658 2226 p.
1675 2169 1781 2209 203.

774 2228 984 2272 Prooemii
1025 2227 1148 2270 finem
1199 2227 1351 2270 deinde
1408 2227 1487 2270 hoc
1531 2227 1623 2271 loco
1668 2226 1943 2284 adjiciamus;
1993 2224 2108 2283 jubet
2150 2236 2285 2269 autem
2329 2224 2395 2270 lex

650 2306 794 2334 omnes
829 2290 937 2335 cives
969 2289 1069 2333 haec
1102 2289 1319 2349 prooemia
1348 2287 1555 2341 ediscere,
1595 2299 1634 2333 et
1665 2289 1779 2333 festis
1811 2287 1959 2332 diebus
1988 2297 2082 2347 Ρο31
2113 2303 2294 2347 paeanas
2327 2304 2394 2333 re-

650 2353 788 2406 citare,
820 2354 887 2398 cui
920 2352 1089 2413 quidem
1122 2351 1338 2412 epularum
1372 2368 1586 2394 saciarum
1617 2363 1785 2395 curator
1816 2349 2090 2410 imperaverit,
2120 2360 2165 2391 ut
2196 2349 2238 2391 in
2266 2350 2391 2393 unius

651 2414 856 2475 cujusque
904 2426 1095 2458 naturam
1140 2414 1242 2458 haec
1297 2424 1517 2473 praecepta
1560 2414 1712 2458 abeant
1763 2416 2112 2474 (ἑμφυσιοῦται,
2160 2428 2266 2470 quae
2313 2429 2391 2456 vox

647 2476 959 2538 Pythagoreum
996 2476 1160 2537 prodit,
1205 2476 1256 2522 cf.
1286 2477 1491 2538 Heynep
1496 2476 1600 2521 ..82
1638 2474 1815 2521 Kiische
1848 2474 1899 2518 de
1934 2491 2016 2518 soc.
2050 2491 2072 2517 a
2114 2472 2235 2535 Pyth.
2267 2473 2390 2519 cond.

645 2555 685 2598 p.
711 2540 816 2594 24).
877 2542 969 2583 Hoc
1001 2556 1088 2581 non
1122 2555 1279 2581 merum
1307 2537 1445 2581 fictum
1463 2493 1735 2599 pPythagoiei
1765 2555 1875 2586 esse,
1914 2537 1984 2596 qui
2023 2536 2282 2594 prooemium
2322 2553 2389 2580 re-

645 2601 856 2654 tractavit,
898 2601 1019 2645 docet
1047 2600 1164 2644 locus
1191 2599 1411 2644 Strabonis
1431 2600 1528 2653 XII,
1560 2617 1600 2661 Ρ
1619 2601 1724 2645 813.
1756 2599 1829 2643 ubi
1861 2597 2095 2650 Mazaceni,
2133 2598 2203 2657 qui
2238 2608 2277 2641 et
2308 2597 2389 2673 ipsi

645 2662 893 2706 Charondae
926 2663 1036 2720 leges
1070 2662 1341 2715 adsciverant,
1375 2662 1574 2705 dicuntur
1595 2662 1795 2721 delegisse
1823 2679 1868 2708 νο
1871 2655 2029 2723 μῳὸὃν,
2062 2656 2120 2707 ὡς
2147 2679 2273 2707 εστιν
2305 2680 2387 2708 αυ-

644 2728 737 2773 τοῖς
780 2724 1008 2785 ἐξηγῇ-τῆς
1049 2729 1144 2774 τῶν
1189 2722 1333 2784 νόμων
1359 2725 1408 2783 1).
1480 2723 1686 2769 Videntur
1726 2723 1855 2782 igitur
1892 2709 2003 2781 leges
2041 2720 2290 2765 Charondae
2333 2720 2385 2764 ab

750 2855 788 2907 1)
823 2857 982 2894 Mazaca
1003 2856 1265 2906 Cappadociae
1291 2858 1447 2906 egregiis
1467 2858 1547 2895 suis
1574 2856 1758 2895 institutis
1782 2856 1939 2894 fortasse
1966 2865 2174 2901 cognomen
2195 2851 2378 2892 Eusebiae
