2879 3654
994 688 1731 740 PROOEMIUM.

576 946 645 1024 In
685 981 822 1025 sinum
864 982 1160 1034 Tarentinum,
1206 999 1288 1042 qua
1321 983 1532 1026 Lucaniae
1569 999 1685 1025 oram
1726 982 1863 1033 alluit,
1906 999 1992 1025 non
2031 980 2179 1040 procul
2214 997 2237 1022 a

492 1042 646 1086 finibus
674 1044 932 1087 Bruttiorum
967 1043 1358 1103 (Strab.V1‚392.)
1389 1043 1527 1087 influit
1558 1043 1748 1087 CRATHIS
1776 1042 1949 1095 fluvius,
1982 1041 2108 1102 paulo
2143 1052 2239 1084 ante

71 1107 92 1115 '
494 1104 654 1147 SYBARI
692 1105 900 1149 amniculo
933 1114 1098 1163 recepto
1117 1107 1164 1160 1).
1227 1106 1412 1165 Uterque
1440 1122 1594 1148 nomen
1628 1104 1786 1164 accepit
1819 1105 1871 1147 ab
1903 1104 2081 1146 Achaeis
2114 1102 2237 1145 Pelo-

488 1166 667 1223 ponnesi
699 1166 753 1208 ad
784 1183 852 1208 eas
879 1182 972 1208 oras
1003 1165 1212 1224 appulsis,
1251 1167 1323 1225 qui
1348 1184 1477 1226 quum
1506 1167 1551 1210 id
1581 1177 1771 1224 agerent,
1812 1177 1858 1209 ut
1883 1166 1926 1208 in
1955 1165 2032 1208 hac
2062 1164 2236 1222 regione

489 1226 610 1269 sedes
648 1244 745 1270 suas
787 1237 1012 1286 ponerent,
1055 1227 1099 1270 in
1138 1228 1380 1270 memoriam
1425 1228 1657 1286 patriorum
1695 1227 1916 1270 fluminum
1957 1225 2027 1269 illa
2061 1225 2234 1268 nomina

488 1286 771 1332 traduxerunt.
812 1290 1002 1349 Namque
1026 1304 1073 1331 ex
1100 1287 1202 1332 locis
1229 1288 1339 1332 circa
1360 1288 1498 1347 Aegas
1528 1299 1567 1332 et
1593 1290 1751 1331 Buram
1777 1288 1865 1331 sitis
1894 1287 2070 1347 profecti
2097 1297 2233 1329 erant:

485 1350 530 1390 in
569 1350 638 1390 illa
670 1351 853 1392 Achaiae
887 1360 1003 1408 parte
1037 1360 1077 1391 et
1110 1350 1276 1392 Crathis
1318 1350 1469 1393 fluvius
1512 1362 1551 1393 et
1580 1351 1756 1412 Sybaris
1799 1350 1893 1393 fons
1936 1359 2234 1393 memorantur.

486 1410 623 1452 Strab.
644 1412 754 1461 VIII,
778 1413 882 1454 592.
919 1408 1075 1452 Herod.
1104 1411 1142 1463 Ι,
1171 1409 1271 1454 145.
1306 1411 1430 1456 Paus.
1453 1412 1563 1465 VIII,
1592 1414 1662 1457 15.
1697 1429 1738 1471 p.
1753 1413 1858 1457 632.
1879 1410 2020 1456 Kuhn.
2085 1410 2147 1459 Cf,
2181 1409 2233 1454 O.

487 1469 675 1515 Mueller.
718 1471 813 1516 hist.
850 1470 1065 1515 Dorienss.
1096 1473 1158 1525 ΙΙ,
1193 1471 1299 1517 428
1397 1473 1579 1517 Crathin]
1624 1474 1765 1517 Italiae
1809 1491 1888 1533 per
1937 1483 2067 1516 totum
2114 1472 2232 1514 illum

486 1543 663 1576 tractum
697 1534 783 1576 fere
816 1534 987 1576 unicum
1020 1533 1191 1585 fluvium
1225 1535 1399 1578 dixeris:
1441 1547 1606 1594 praeter
1643 1536 1755 1578 hunc
1789 1535 1908 1578 multi
1945 1536 2022 1577 rivi
2055 1534 2230 1577 minoris

485 1595 667 1639 nominis
701 1595 809 1640 hanc
839 1595 1052 1654 regionem
1084 1606 1355 1655 perculrunt,
1396 1596 1441 1640 in
1472 1596 1524 1649 jis
1556 1596 1731 1658 Sybaris
1767 1595 2044 1660 (Συβαρῖτις
2076 1594 2231 1659 κράνει

484 1657 660 1700 Theocr.
681 1660 730 1709 V,
756 1658 857 1701 146.
888 1657 938 1700 cf.
971 1658 1104 1717 126..)
1171 1657 1335 1700 Crathis
1369 1668 1529 1710 autem,
1559 1658 1755 1718 limpidas
1790 1674 1919 1717 aquas
1952 1674 2048 1700 suas
2078 1659 2230 1716 rapido

483 1735 609 1762 cursu
649 1719 840 1770 volvens,
881 1719 1090 1776 hodieque
1132 1735 1284 1760 nomen
1328 1736 1448 1760 suum
1490 1719 1576 1761 fere
1619 1720 1828 1777 integrum
1866 1723 1998 1763 Crati
2033 1719 2230 1763 servavit:

484 1779 537 1823 de
580 1779 732 1841 Sjbari
775 1780 811 1822 ei
857 1779 1114 1821 contermino
1157 1778 1278 1821 video
1331 1778 1550 1821 dissentire
1596 1780 1866 1832 Cravenium‚
1919 1781 1990 1838 qui
2035 1780 2147 1824 hunc
2189 1791 2228 1824 et

480 1842 620 1901 ipsum
661 1841 787 1883 hodie
827 1839 973 1883 eodem
1006 1839 1175 1882 nomine
1215 1839 1416 1900 appellari
1455 1853 1656 1884 memorat
1688 1843 1822 1901 (Tour
1853 1841 2037 1899 through
2069 1841 2225 1901 Naples

480 1920 522 1964 p.
534 1903 662 1947 212.
697 1919 878 1963 quocum
902 1901 1108 1945 consentit
1137 1901 1342 1945 Riedesel.
1365 1918 1404 1962 p.
1423 1902 1524 1946 194.
1554 1903 1756 1947 itinerarii
1786 1904 1863 1955 sui,
1891 1904 2010 1962 cujus
2034 1904 2224 1947 xersione

480 1977 642 2009 tantum
688 1964 985 2022 francogallica
1030 1963 1134 2006 mihi
1175 1965 1235 2007 uti
1276 1963 1409 2023 licuit)
1452 1975 1491 2008 et
1532 1965 1878 2022 Swinburnium,
1931 1978 2015 2025 q‘uo
2058 1976 2226 2016 auctore

479 2046 594 2073 nunc
621 2031 791 2072 Coscile
821 2026 937 2070 audit
963 2024 1186 2085 (Travels
1174 2043 1219 2069 111
1247 2025 1316 2070 the
1342 2036 1426 2070 two
1450 2026 1612 2072 Sicilies
1641 2030 1674 2082 Ι,
1695 2029 1833 2086 291).
1876 2028 2070 2072 Fortasse
2097 2028 2225 2073 altera

482 2106 628 2133 cursus
662 2089 727 2132 sui
759 2099 877 2149 parte
910 2091 1038 2131 altero
1072 2088 1242 2131 nomine
1275 2088 1430 2146 g‘audet
1451 2090 1505 2148 2)

603 2168 705 2227 Ejus
736 2179 871 2212 autem
905 2166 1109 2225 regionis,
1150 2165 1202 2209 de
1235 2183 1316 2226 qua
1349 2165 1418 2210 hic
1449 2166 1634 2225 agimus,
1675 2167 1896 2210 maximam
1926 2166 2221 2211 fecunditatem

477 2227 627 2281 fuisse,
680 2228 743 2271 vel
784 2228 918 2288 qualis
964 2244 1078 2271 nunc
1121 2227 1301 2271 habetur
1339 2228 1576 2272 felicissima
1617 2230 1705 2287 ejus
1742 2229 1925 2272 conditio
1963 2228 2223 2288 comprobat.

585 2371 624 2423 1)
659 2373 836 2424 Antiquis
862 2372 1100 2421 temporibus
1125 2371 1302 2421 Sybarim
1327 2373 1458 2411 ferunt
1487 2386 1566 2411 non
1591 2387 1613 2410 a
1636 2372 1768 2410 Crathi
1792 2379 1990 2422 receptum
2013 2384 2116 2418 esse,
2151 2371 2218 2409 sed

479 2425 629 2463 diversa
655 2427 729 2464 illis
753 2426 847 2465 ostia
873 2425 1010 2463 fuisse.
1037 2439 1074 2463 v.
1090 2423 1261 2462 Uumcn
1286 2425 1430 2463 Rerum
1449 2425 1766 2476 Sybaritanarum
1787 2425 1912 2475 capita
1929 2426 2067 2463 selecta
2092 2438 2129 2474 p.
2146 2428 2219 2471 10„

479 2491 595 2529 quam
622 2477 923 2516 dissertationem
951 2489 1036 2515 sero
1065 2477 1160 2513 mihi
1184 2478 1396 2516 innotuisse
1425 2478 1551 2517 doleo.

580 2545 624 2596 2)
662 2547 722 2583 De
754 2547 938 2595 singulari
966 2545 1129 2597 quadam
1158 2554 1194 2584 et
1221 2547 1396 2585 fabulosa
1420 2547 1621 2597 utriusque
1649 2544 1758 2584 fluvii
1791 2553 1949 2592 natura,
1986 2557 2099 2594 quam
2127 2556 2217 2593 pas-

476 2600 548 2637 sim
572 2598 730 2636 laudant
757 2606 923 2644 veteres,
951 2599 1102 2644 videas,
1139 2599 1173 2634 si
1196 2599 1293 2635 tanti
1319 2606 1395 2645 est,
1428 2601 1534 2636 locos
1570 2606 1767 2645 congestos
1803 2611 1836 2634 e.
1855 2611 1892 2644 g.
1918 2610 1939 2632 a
1965 2598 2214 2635 Beckmanno

476 2651 524 2688 ad
550 2650 900 2689 Pseudo-Ariston
927 2650 974 2688 de
1002 2652 1088 2688 mir.
1114 2663 1214 2688 ausc.
1240 2653 1375 2687 c.183.
1427 2650 1487 2688 Cf.
1514 2651 1677 2687 Craven.
1703 2651 1728 2686 1.
1744 2650 1768 2685 l.
1796 2662 1833 2697 p.
1850 2651 1941 2685 216.
1990 2647 2216 2687 Swinburn.

474 2703 511 2748 Ι,
538 2707 681 2753 p.298.
733 2703 794 2740 De
813 2701 944 2749 Lusii,
969 2703 1044 2740 illis
1070 2703 1185 2752 paulo
1211 2702 1393 2739 inferiore
1421 2701 1550 2753 (hodie
1568 2704 1695 2739 Lucino
1719 2713 1749 2737 s.
1764 2701 1908 2746 Lucida,
1932 2713 1971 2738 v.
1988 2700 2213 2737 Romnum

473 2755 703 2805 Topografia
739 2755 800 2793 del
836 2767 955 2802 regno
992 2754 1031 2791 di
1058 2755 1201 2803 Napoli
1233 2756 1268 2801 1,
1296 2753 1403 2805 229.)
1442 2756 1621 2794 Aelianus
1656 2753 1746 2791 Nat.
1772 2755 1847 2791 An.
1873 2752 1926 2800 X,
1953 2758 2017 2792 38.
2068 2753 2211 2791 Similia

472 2806 547 2845 illis
574 2808 703 2847 laudat
732 2807 780 2847 O.
805 2807 1015 2845 Muellerus
1041 2805 1160 2845 Orcla.
1183 2820 1224 2856 p.
1240 2810 1302 2846 75.
