2867 3746
1291 343 1326 389 5

576 462 766 506 Fuerunt
800 469 938 504 tamen
981 458 1204 513 nonnulla,
1244 473 1352 520 quae
1395 456 1545 503 incolis
1577 473 1666 501 eam
1695 457 1910 517 regionem
1938 459 2077 503 minus
2109 477 2173 504 sa-

434 524 596 569 lubrem
630 522 863 568 redderent.
916 522 1103 567 Primum
1134 521 1269 583 ipsius
1297 521 1416 566 urbis
1447 522 1564 575 situs,
1593 537 1698 582 quae
1723 538 1853 582 quum
1886 538 2002 566 mare
2033 538 2177 567 versus

434 587 551 647 regio
582 585 803 647 propatula
836 595 919 638 est,
958 602 1035 646 per
1072 595 1269 629 aestatem
1300 600 1423 627 mane
1465 601 1512 628 ac
1541 584 1702 644 vesperi
1738 585 2010 630 immodicum
2039 585 2176 644 frigus

434 649 565 694 sensit
594 659 766 708 propter
796 648 954 691 vicinos
987 664 1010 690 a
1043 645 1325 706 septentrione
1359 644 1574 688 Calabriae
1608 656 1768 689 montes
1802 647 2037 701 altissimos,
2067 664 2175 708 quos

432 710 689 755 Riedeselius
719 716 778 770 (p.
803 711 924 764 195.)
948 708 1067 767 Majo
1098 723 1240 751 mense
1270 707 1392 751 etiam
1423 706 1589 750 nivibus
1622 707 1725 750 vidit
1755 709 1960 762 obtectos,
1999 709 2176 754 meridie

431 790 528 817 vero
560 784 716 816 aestum
747 769 1073 822 intolerabilem,
1113 785 1220 830 quae
1251 769 1426 813 variatio
1456 786 1544 813 non
1574 769 1710 828 potuit
1738 786 1824 813 non
1852 771 2078 815 valetudini
2110 771 2176 816 of-

431 834 565 880 ficere.
642 837 760 878 Inde
792 835 1018 885 manavit,
1058 831 1195 892 pergit
1235 831 1432 875 Timaeus
1475 848 1542 892 ap.
1572 830 1784 884 Ath.X11‚
1816 835 1934 885 520,
1969 849 2015 885 a,
2056 836 2179 891 quod

430 901 565 956 vulgo
597 898 827 948 dictitant,
857 897 936 953 qui
966 903 1075 938 ante
1105 898 1225 938 diem
1239 896 1446 951 fatalem
1473 896 1594 938 mori
1618 897 1732 937 nolit
1764 898 1894 953 apud
1923 896 2180 953 Sybaritae,

431 962 474 1002 ei
505 976 588 1002 nec
619 960 838 1001 orientem
869 959 1007 1000 solem
1024 959 1355 1015 aspiciendum,
1388 974 1470 1002 nec
1491 958 1780 1001 occidentem.
1846 955 1908 1001 Cf.
1923 957 1991 1011 Vl,
2014 958 2123 1009 273,
2143 974 2177 1000 c.

430 1021 575 1080 ltaque
606 1018 794 1063 videmus
826 1034 849 1062 a
879 1017 1085 1081 Sybaritis
1114 1018 1284 1065 inventa
1326 1018 1428 1071 alia,
1469 1018 1624 1078 quibus
1657 1029 1837 1071 aestum,
1879 1018 1982 1071 alia,
2019 1019 2177 1078 quibus

429 1083 565 1141 frigus
606 1092 896 1142 temperarent.
939 1080 1036 1124 Ath.
1054 1082 1151 1135 XII,
1180 1082 1298 1133 519,
1337 1098 1373 1129 c.
1400 1096 1433 1124 e.
1495 1079 1709 1137 Alterum,
1743 1080 1860 1140 quod
1891 1079 2176 1125 salubritatem

430 1161 574 1188 eorum
626 1143 815 1188 locorum
857 1143 985 1186 hodie
1027 1159 1195 1204 quoq-ue
1236 1142 1452 1201 infringit,
1506 1153 1567 1186 est
1615 1159 1820 1202 aquarum
1864 1141 2039 1197 eluvies,
2093 1160 2177 1203 qua

429 1223 585 1267 pascua
618 1206 788 1267 quidem
819 1205 1057 1249 redduntur
1087 1205 1325 1258 laetissima,
1352 1204 1427 1249 sed
1460 1204 1542 1248 nisi
1573 1204 1753 1249 maxima
1781 1204 2018 1250 accolarum
2049 1205 2177 1249 indu-

428 1269 531 1312 stria
557 1265 796 1320 subveniat,
837 1276 1035 1326 stagnant
1070 1267 1161 1326 agri
1201 1266 1422 1325 morbique
1451 1266 1677 1325 perniciosi
1714 1267 1919 1310 oriuntur.
1985 1266 2175 1321 Canales,

428 1330 584 1391 quibus
625 1329 842 1393 Sybaritas
885 1346 935 1372 ex
973 1328 1085 1386 agris
1125 1329 1269 1372 vinum
1310 1327 1366 1371 ad
1409 1344 1523 1371 mare
1566 1337 1605 1370 et
1648 1327 1693 1370 in
1735 1327 1884 1371 urbem
1915 1340 2177 1389 comportare

429 1392 575 1437 solitos
606 1409 694 1436 esse
727 1391 928 1444 vidimus,
969 1391 1148 1435 fortasse
1183 1390 1230 1434 id
1259 1406 1427 1451 quoque
1461 1388 1730 1451 spectabant,
1773 1401 1820 1435 ut
1853 1407 2056 1452 aquarum
2090 1391 2177 1436 elu-

428 1454 510 1496 vies
542 1453 592 1496 iis
626 1452 914 1495 deduceretur.

551 1514 613 1557 Ea
645 1513 774 1571 igitur
806 1529 935 1573 quum
968 1521 1077 1556 terra
1104 1522 1232 1567 esset,
1259 1511 1459 1557 SYBARIM
1489 1512 1635 1557 urbem
1670 1513 1780 1558 inter
1811 1512 1959 1558 fluvios
1989 1513 2174 1559 Crathim

428 1586 468 1621 et
496 1575 526 1621 S
557 1575 694 1621 barim
725 1574 884 1620 Achaei
917 1584 1215 1619 exstruxerunt.
1268 1574 1375 1619 Plin.
1406 1575 1459 1619 N.
1492 1575 1543 1618 H.
1575 1576 1649 1627 ΙΙΙ,
1683 1577 1752 1618 11.
1798 1576 1952 1620 Strabo
1973 1577 2043 1631 VI,
2067 1577 2175 1621 404.

427 1639 511 1682 Dio
543 1672 554 1682 .
584 1640 666 1683 Sic.
686 1640 761 1690 XI,
789 1640 861 1683 90.
889 1638 993 1691 -Xll‚
1014 1639 1054 1681 9.
1095 1637 1210 1680 Eust.
1251 1637 1306 1679 ad
1348 1637 1474 1680 Dion.
1514 1638 1676 1694 Perieg.
1699 1640 1803 1682 373.
1866 1640 2011 1698 Ipsum
2053 1640 2173 1684 urbis

427 1718 579 1746 nomen
614 1699 816 1755 declarat,
854 1700 1038 1761 primum
1078 1698 1133 1743 ad
1166 1697 1362 1762 Sybarim
1400 1697 1570 1742 fluvium
1613 1715 1702 1743 eam
1748 1699 1876 1743 fuisse
1913 1700 2173 1746 aedificatam

424 1768 467 1820 (a
499 1780 582 1822 quo
612 1780 763 1807 nomen
799 1763 959 1821 accepit
989 1761 1220 1806 secundum
1252 1761 1378 1804 Diod.
1399 1762 1494 1813 XII,
1524 1763 1607 1818 9.);
1644 1779 1761 1815 mox,
1798 1780 1929 1823 quum
1962 1763 2017 1808 ad
2048 1765 2174 1825 quin-

425 1825 624 1884 quaginta
667 1825 801 1867 stadia
847 1823 1027 1868 ambitus
1067 1823 1157 1882 ejus
1199 1832 1420 1875 cresceret,
1470 1821 1525 1865 ad
1568 1823 1753 1867 Crathin,
1796 1842 1931 1885 usque
1963 1827 2173 1885 pertinuit.

424 1885 551 1930 Haud
583 1885 731 1946 procul
764 1885 816 1928 ab
845 1884 915 1928 illa
946 1885 1116 1927 THURH
1147 1884 1342 1927 exstructi
1375 1893 1473 1927 sunt
1500 1884 1670 1940 (Strabo
1696 1884 1718 1928 l.
1737 1902 1769 1929 e.
1803 1887 1929 1930 Diod.
1949 1889 2041 1940 XII,
2068 1890 2171 1947 10.)‚

424 1964 559 2010 prope
585 1948 742 1992 sontem
768 1947 996 1999 Thuriam,
1031 1946 1134 1990 urbs
1167 1957 1206 1990 et
1241 1946 1333 2007 ipsa
1366 1962 1390 1989 a
1422 1946 1528 1989 mari
1562 1946 1817 2007 aliquantum
1851 1960 2019 1993 remota.
2084 1950 2170 1994 Sed

425 2012 479 2055 de
508 2010 590 2054 situ
635 2011 853 2069 utriusque
895 2009 1013 2053 urbis
1042 2009 1213 2052 minime
1255 2008 1448 2053 convenit
1481 2008 1591 2053 inter
1618 2010 1729 2053 viros
1756 2010 1914 2054 doctos.
1979 2012 2171 2057 Castrum

424 2074 563 2117 Terra
593 2089 730 2116 nuova
769 2071 903 2131 (quod
935 2070 1124 2131 plerique
1163 2069 1362 2130 rejiciunt
1405 2081 1580 2131 propter
1617 2088 1732 2116 mare
1773 2072 1924 2132 majori
1955 2072 2171 2119 intervallo

424 2138 662 2194 remotum),
690 2133 753 2178 vel
775 2134 890 2178 vicus
922 2132 1164 2186 Buffalom,
1204 2132 1268 2176 vel
1297 2142 1411 2176 torro
1444 2133 1744 2192 Bordogneto‚
1777 2134 1852 2178 ubi
1884 2135 2031 2180 ruinae
2064 2154 2172 2180 non-

424 2195 563 2240 nullae
614 2196 953 2255 conspiciuntur,
1003 2197 1158 2240 Sibari
1203 2198 1418 2240 rovinata
1459 2195 1616 2248 dictae,
1665 2196 1745 2240 alia
1791 2196 1883 2241 aliis
1920 2198 2172 2243 videbantur

422 2257 678 2302 Thuriorum
705 2257 844 2302 locum
874 2268 1034 2301 tenere:
1063 2256 1197 2301 nostri
1223 2256 1384 2316 judicii,
1421 2257 1493 2317 qui
1521 2256 1708 2302 locorum
1741 2271 1909 2318 aspectu
1941 2276 2170 2314 careamus,

423 2336 509 2363 non
554 2329 635 2372 est,
680 2335 771 2363 eam
816 2319 1140 2364 controversiam
1183 2318 1424 2378 transigere.
1500 2320 1636 2363 Conss.
1678 2319 1846 2377 Ughelli
1887 2320 2004 2365 Italia
2049 2339 2171 2366 sacra

424 2393 451 2428 t.
472 2384 535 2435 X,
567 2399 607 2442 p.
631 2383 733 2426 172.
805 2380 1005 2426 Cluverus
1040 2380 1129 2426 Ital.
1172 2392 1254 2425 ant.
1290 2381 1483 2440 p.1269.
1560 2380 1668 2426 Gail.
1693 2381 1780 2424 ind.
1817 2381 1873 2426 ad
1913 2382 2074 2446 Scylac.
2111 2403 2169 2428 vv.

423 2443 598 2505 Sybaris
631 2454 669 2488 et
700 2442 872 2488 Thuria.
917 2442 1150 2489 Romanelli
1170 2443 1202 2497 I,
1233 2445 1340 2487 235.
1404 2443 1600 2505 Sybarim
1633 2443 1782 2487 urbem
1826 2461 1957 2506 quum
2000 2447 2168 2491 Crathis

425 2522 558 2567 aquae
601 2523 626 2550 a
655 2507 904 2551 Crotoniatis
950 2506 1159 2551 immissae
1197 2505 1252 2549 ad
1289 2504 1481 2549 ultimum
1522 2523 1656 2567 usque
1701 2506 1886 2567 lapidem
1931 2508 2169 2563 deleverint,

424 2568 549 2629 hujus
580 2568 699 2613 urbis
732 2569 836 2614 situs
868 2587 916 2614 ex
942 2568 1130 2630 reliquiis
1157 2578 1264 2613 certe
1291 2568 1489 2627 cognosci
1522 2570 1678 2631 nequit.
1740 2571 1790 2615 In
1820 2588 1869 2616 eo
1887 2570 2054 2630 augule,
2081 2589 2167 2632 quo

425 2630 589 2676 Crathis
619 2642 659 2676 et
679 2631 854 2693 Sybaris
887 2632 1140 2678 confluentes
1172 2631 1437 2694 peninsulam
1468 2632 1642 2686 faciunt,
1670 2632 1927 2679 Riedeselius
1960 2644 1999 2677 et
2024 2634 2167 2679 Swin-

422 2693 600 2738 burnius
631 2694 864 2752 fragmenta
908 2696 1068 2756 aliquot
1107 2694 1395 2755 sepulcrorum
1438 2706 1478 2738 et
1509 2695 1792 2754 aquaeductus
1824 2696 2063 2740 detexerant
2096 2698 2165 2757 (cf.

425 2756 547 2799 etiam
578 2755 813 2799 Martinieri
845 2756 943 2806 Lex,
975 2773 1118 2816 geogr.
1144 2767 1183 2800 et
1211 2755 1306 2799 bist.
1335 2765 1361 2799 t.
1384 2756 1457 2808 XI,
1486 2773 1525 2815 p.
1550 2757 1682 2800 1749.
1713 2774 1818 2803 vers.
1845 2757 2032 2817 Heius),
2061 2776 2164 2819 quas

422 2817 681 2863 Thuriorum
725 2817 921 2879 reliquias
966 2836 1056 2864 esse
1097 2829 1237 2864 censet
1277 2817 1448 2862 Craven.
1476 2817 1502 2861 l.
1530 2836 1564 2863 c.
1596 2819 1758 2880 p.217.
1790 2819 2065 2865 Swinburnio
2097 2822 2163 2882 ju-

423 2879 516 2923 dice
547 2879 701 2925 rudera
731 2879 912 2925 latericia
939 2881 1154 2924 Romanos
1183 2891 1366 2939 arguunt
1398 2880 1579 2940 opifices.

1651 2958 1707 2996 1*
