2906 3717
1496 330 1566 377 20

659 447 926 511 Euthydemo
965 447 1160 508 (Dionys.
1191 444 1305 505 Hal.)
1336 445 1398 489 vel
1439 461 1532 488 cum
1573 461 1659 488 uno
1682 444 1975 491 'Polemarcho
2019 449 2160 505 (Phot.
2192 458 2232 493 et
2261 447 2400 507 Plut.)‚

662 510 899 572 quindecim
932 525 1065 553 annos
1084 518 1222 561 natus,
1254 517 1347 552 ante
1378 504 1534 551 bellum
1562 505 1965 568 Peloponnesiacum
1998 527 2110 556 anno
2141 510 2402 564 duodecimo,

662 573 859 618 archonte
898 570 1113 616 Praxitele.
1177 570 1445 631 Quamquam
1486 570 1668 613 dubitari
1710 581 1867 631 potest,
1902 587 2003 615 num
2045 572 2103 617 ita
2138 586 2295 619 certum
2326 574 2402 618 ha-

660 636 855 687 beamus,
896 634 956 677 uti
998 633 1163 678 videtur
1202 632 1416 677 Voemelio
1447 632 1472 675 l.
1505 632 1531 676 l.
1559 649 1601 692 p.
1622 635 1661 676 5.
1693 644 1803 686 not.‚
1842 633 2094 696 Dionysium
2137 652 2270 681 annos
2303 636 2401 681 belli

659 695 1005 756 Peloponnesiaci
1037 695 1137 739 inde
1166 711 1189 738 a
1223 693 1468 758 Pythodoro
1498 694 1712 739 Archonte
1737 712 1999 740 numerasse:
2035 696 2120 739 imo
2153 696 2267 741 aliud
2299 698 2403 742 mihi

659 759 911 819 persuadeat
941 758 1079 802 Judic.
1097 760 1228 803 Isocr.
1252 768 1278 800 t.
1293 759 1340 800 V.
1369 773 1409 816 p.
1423 756 1551 799 534:
1591 754 1815 820 ἄρχοντος
1844 756 2078 818 Ἀθήνῃσι
2105 757 2403 817 Λυσιμάχου,

657 820 867 879 πέμπτω
910 818 1130 890 πρότερον
1171 820 1265 867 ἔτει
1309 822 1393 866 τοῦ
1431 821 1614 866 Πελοπ.
1644 819 1878 878 πολέμου,
1921 820 2034 862 unde
2076 819 2309 863 efficeretur
2349 820 2401 863 ab

657 869 922 944 Euthydemo
954 881 1054 924 1nde
1085 879 1298 923 Archonte
1321 879 1571 941 Dionysium
1606 879 1769 924 initium
1803 880 1921 925 istius
1950 880 2048 925 belli
2080 881 2294 926 statuisse:
2327 880 2403 925 sed

657 961 805 1003 parum
849 943 1016 997 differt,
1061 952 1199 984 utrum
1241 941 1320 985 sub
1366 941 1490 984 finem
1527 941 1592 984 Ol.
1620 943 1849 995 LXXXIV,
1885 944 1922 986 1.
1964 960 2018 986 an
2060 944 2229 987 ineunte
2271 942 2399 987 altero

657 1004 845 1064 ejusdem
889 1003 1156 1066 Olympiadis
1195 1021 1330 1056 anno,
1379 1003 1495 1064 quod
1538 1014 1762 1063 utrumque
1809 1004 1920 1049 cadit
1962 1004 2007 1049 in
2046 1023 2203 1049 annum
2246 1022 2270 1049 a
2303 1004 2402 1050 Chr.

655 1067 774 1119 443,
804 1067 975 1128 Lysiam
1009 1065 1198 1109 Thurios
1227 1066 1387 1109 venisse
1420 1076 1649 1109 statuamus
1670 1068 1746 1126 l2⁷¹),

792 1129 986 1187 Denique
1026 1128 1289 1171 Andocidem
1334 1146 1521 1187 quoque,
1558 1129 1758 1189 inclytum
1796 1128 1912 1171 illum
1954 1140 2183 1180 oratorem,
2224 1144 2271 1170 ex
2305 1126 2399 1171 loco

656 1188 870 1236 Plutarchi
902 1189 946 1233 in
975 1189 1056 1234 vita
1076 1189 1238 1234 Andoc.
1266 1188 1346 1239 τὸν
1378 1185 1514 1248 δῆμον
1545 1184 1592 1239 δὲ
1622 1185 1983 1246 Κυδαθηναιεύς
2010 1185 2038 1248 ἦ
2069 1188 2262 1253 Θούριος,
2292 1188 2402 1234 inter

657 1252 828 1295 colonos
874 1252 1001 1295 fuisse
1045 1252 1224 1308 conjecit
1262 1251 1340 1293 Th.
1368 1251 1572 1308 Bergkius
1606 1251 1631 1294 l.
1657 1252 1681 1295 l.
1716 1269 1757 1313 p.
1777 1254 1849 1295 56.
1913 1252 1999 1295 Sed
2039 1253 2105 1295 vix
2150 1251 2399 1295 crediderim

654 1315 881 1359 Auctorem
909 1316 951 1358 X
983 1314 1159 1358 vitarum
1194 1313 1245 1356 ds:
1278 1331 1326 1357 eo
1360 1314 1583 1370 cogitasse:
1625 1332 1672 1357 ex
1714 1315 1833 1373 cujus
1866 1315 2001 1358 verbis
2032 1315 2112 1358 hoc
2140 1325 2272 1374 patet,
2313 1332 2401 1357 non

656 1376 756 1420 satis
791 1376 1023 1420 constitisse
1057 1375 1108 1418 de
1140 1374 1252 1418 tribu
1284 1374 1530 1417 Andocidis.
1590 1375 1734 1450 Itaque
1756 1385 1825 1418 aut
1845 1375 2068 1434 legendum
2100 1386 2161 1419 est
2188 1392 2281 1419 cum
2313 1377 2401 1420 VV.

657 1439 752 1482 DD.
785 1439 950 1502 ,θυρεός
981 1437 1114 1499 (phyl.
1143 1436 1382 1488 Antioch.)‚
1415 1446 1485 1478 aut
1519 1435 1702 1497 ,θορικος
1735 1437 1868 1498 (phyl.
1899 1438 2149 1496 Acamant.).

780 1500 845 1544 De
873 1499 1143 1561 Hippodamo
1172 1498 1337 1545 Milesio
1363 1501 1450 1557 jam
1478 1515 1606 1559 supra
1628 1498 1830 1545 diximus:
1864 1499 1916 1545 de
1933 1500 2165 1558 Protagora
2195 1497 2275 1543 alio
2307 1496 2400 1542 loco

655 1578 837 1622 agemus.

1353 1657 1385 1696 C
1412 1671 1439 1695 A
1465 1671 1488 1695 ι»
1515 1669 1541 1695 n
1568 1671 1593 1695 'r
1645 1657 1723 1696 ΠΙ.

1169 1739 1534 1779 INCUNABULA
1581 1739 1880 1778 CIVITATIS.

784 1838 847 1880 Eo
877 1847 1074 1896 tempore,
1108 1851 1191 1894 quo
1224 1836 1437 1895 oppressis
1469 1835 1744 1894 Pythagoreis
1776 1852 1853 1894 per
1885 1851 2028 1878 omnes
2059 1853 2235 1894 magnae
2266 1838 2399 1880 Grae-

655 1898 742 1942 ciae
776 1899 959 1942 civitates
992 1896 1196 1940 maximae
1238 1897 1386 1940 turbae
1416 1889 1579 1940 exortae
1609 1907 1747 1948 erant,
1789 1906 1824 1938 et
1852 1896 2040 1956 plerique
2073 1914 2216 1940 omnes
2246 1899 2397 1942 Graeci

651 1959 811 2020 legatos
845 1976 944 2004 suos
979 1958 1033 2002 ad
1061 1956 1367 2003 conciliandam
1399 1975 1544 2020 pacem
1579 1975 1626 2002 eo
1646 1959 1862 2012 miserunt,
1895 1958 2018 2002 unius
2040 1958 2186 2019 populi
2207 1959 2397 2005 Achaeo-

650 2040 743 2066 rum
777 2022 860 2065 fide
889 2039 937 2065 ac
970 2020 1153 2064 consiliis
1186 2021 1367 2064 civitates
1401 2038 1499 2064 usae
1531 2032 1628 2064 sunt
1661 2021 1714 2063 ad
1749 2022 2053 2080 componenda,
2086 2022 2239 2081 quibus
2273 2040 2399 2082 urge-

650 2085 825 2138 bantur,
860 2082 990 2128 mala:
1023 2082 1165 2127 itidem
1191 2082 1403 2142 aliquanto
1429 2093 1525 2142 post
1557 2081 1767 2127 communi
1798 2099 1941 2126 omnes
1974 2100 2180 2127 consensu
2205 2084 2400 2129 Achaeo..

649 2163 744 2191 rum
772 2147 876 2206 reip.
908 2145 1086 2188 formam
1119 2144 1272 2187 imitari
1309 2144 1591 2189 decreverunt.
1658 2143 2100 2204 Παρακαλέσαντες
2139 2144 2233 2209 ’γάρ
2263 2150 2399 2209 σφοῖς,

650 2208 735 2258 καὶ
762 2205 1165 2271 συμφρονήσαντες
1195 2207 1538 2268 Κροτωνιᾶται,
1564 2206 1852 2268 Συβαρίται,
1883 2206 2245 2261 Καυλωνιάται,
2274 2213 2397 2272 πρῶ-

649 2290 731 2319 τον
760 2271 848 2329 μὲν
879 2264 1134 2325 α’πέδειξαν
1165 2271 1331 2316 ΔΙΟΣ
1364 2272 1676 2317 ΟΜΟΡΙΟΥ
1704 2265 1850 2316 κοινόν
1881 2266 1995 2328 ispo)
2025 2268 2111 2316 καὶ
2145 2268 2306 2326 τόπον,
2346 2275 2397 2318 ἐν

651 2324 686 2394 ᾧ
720 2329 809 2381 τοῖς
845 2351 901 2380 τε
940 2326 1140 2379 συνόδους
1180 2328 1265 2378 καῖ
1305 2328 1371 2378 τοὶ
1416 2326 1668 2386 διαβούλια
1709 2329 2008 2381 συνετέλουν,
2054 2326 2261 2393 δεύτερον
2292 2330 2398 2380 τούς

650 2391 873 2451 ἐθισμούς
910 2390 995 2441 καὶ
1029 2390 1183 2450 νόμους
1220 2389 1516 2447 ἐκλαβόντες
1553 2390 1657 2440 τούς
1695 2395 1789 2439 τῶν
1813 2388 2053 2449 Ἀχαιῶν,
2094 2393 2395 2446 ἐπεβάλοντο

648 2456 868 2516 χρῆσθαι
909 2452 993 2503 καὶ
1027 2449 1203 2502 διοικεῖν
1243 2453 1378 2501 κατοί
1417 2452 1605 2502 τούτους
1633 2452 1719 2509 τήν
1750 2453 2009 2501 πολιτείαν.
2062 2453 2207 2516 Polyb.
2230 2457 2284 2508 11,
2317 2456 2392 2498 39.

649 2517 713 2560 De
737 2515 892 2575 templo
921 2514 1037 2558 Jovis
1066 2514 1258 2558 Homorii
1299 2514 1435 2575 (quod
1468 2515 1740 2577 archetypum
1773 2513 2013 2559 habuerunt
2046 2515 2195 2560 Graeci
2231 2515 2392 2576 Italiae)

754 2662 819 2712 13)
857 2663 1114 2700 Hoelscherus
1147 2663 1268 2708 p.21.
1303 2659 1478 2708 Lysiam,
1514 2659 1663 2709 inquit,
1701 2671 1824 2708 usque
1855 2657 1902 2694 ad
1938 2657 2002 2696 Ol.
2021 2658 2131 2704 XCI,
2158 2661 2196 2694 4.
2235 2659 2393 2696 Thuriis

649 2715 908 2765 magistratum
937 2714 1108 2764 gessisse.
1160 2713 1304 2750 Tamen
1334 2711 1435 2761 apud
1464 2711 1693 2761 Dionysium
1722 2711 1817 2748 nihil
1845 2709 2003 2758 legimus
2031 2710 2104 2748 nisi
2131 2710 2224 2749 hoc:
2264 2709 2393 2750 διετέ-

647 2769 765 2807 λεσεν
786 2763 938 2804 αὐτόθι
960 2762 1290 2813 πολιτευόμενος.
1309 2766 1424 2801 Plan:
1444 2760 1748 2801 ἐπολιτεύσατο.
1773 2785 1826 2791 -
1852 2763 2006 2811 Lysiam
2032 2776 2063 2799 c.
2077 2762 2137 2800 01.
2149 2763 2393 2805 LXXXVII,

649 2824 689 2857 2.
711 2854 715 2858 .
742 2818 912 2856 Athenas
948 2817 1095 2855 venisse
1134 2816 1357 2864 comprobat
1386 2815 1430 2853 C.
1454 2814 1498 2852 F.
1518 2815 1762 2852 Hei-mannus
1799 2814 1839 2851 in
1866 2815 2010 2861 Allgcm.
2035 2815 2171 2852 Schulz.
2204 2817 2317 2851 1831.
2341 2813 2391 2859 11,

651 2877 712 2910 82.
742 2886 779 2921 p.
795 2873 884 2908 652.
