2960 3734
1325 343 1394 391 27

486 461 678 513 firmant,
710 476 817 521 quae
846 459 1104 505 Niebuhrius
1141 458 1306 521 egregie
1332 458 1384 504 de
1410 459 1672 505 Bruttiorum
1706 460 1868 520 origine
1894 460 2123 524 disputavit
2150 461 2244 507 hist.

485 525 607 570 Rom.
648 532 672 567 t.
695 525 728 577 1,
759 539 799 585 p.
823 525 882 568 67
921 534 959 569 et
990 526 1090 568 103.
1144 524 1219 577 Cf.
1252 523 1460 566 Mannert.
1494 525 1569 577 lX,
1598 528 1657 596 2,·
1669 540 1710 585 p.
1736 526 1977 598 ¹¹⁷.⁵‘l‘l·’.
2006 525 2079 586 qui
2112 526 2245 570 maxi-

484 602 596 630 mam
621 588 713 642 ejus
746 586 934 630 colluviei
963 598 1123 649 partem
1154 603 1202 630 ex
1233 584 1348 628 Italis
1378 585 1476 628 olim
1507 585 1796 647 Sybaritarum
1830 605 2007 648 imperio
2038 587 2242 649 subjectis

485 648 719 696 constitisse
748 667 833 696 nou
866 650 957 696 sine
987 649 1169 697 veritatis
1201 646 1339 709 specie
1373 646 1544 708 judicat.

1179 844 1213 887 C
1240 860 1267 886 Α
1292 861 1317 886 r
1344 859 1371 886 n
1397 860 1422 886 τ
1475 844 1551 886 IV.

687 928 765 970 DE
806 927 1091 981 coLoN115‚
1145 927 1299 981 QUAE
1338 925 1683 969 THURIORUM
1725 926 2032 967 DICUNTUR.

605 1024 911 1089 Metaponti
945 1025 1185 1074 collocatam
1216 1043 1305 1070 esse
1334 1026 1593 1070 Thur-iorum
1624 1024 1830 1068 coloniam
1863 1025 2084 1068 voluerunt
2105 1029 2156 1069 V.
2175 1026 2235 1069 Cl.

480 1089 671 1152 Heynius
705 1101 744 1133 et
774 1092 822 1133 R.
845 1091 1112 1141 Roctoettius,
1152 1091 1219 1132 hic
1245 1090 1415 1148 quidem
1449 1090 1591 1132 leviori
1625 1088 1786 1131 ratione
1817 1089 1874 1131 ita
1910 1100 2237 1145 argumentatus,

479 1161 528 1195 ut
558 1163 686 1196 artem
714 1153 897 1198 criticam
928 1152 1192 1197 veliementer
1222 1149 1447 1201 desideres.
1502 1150 1566 1195 De
1597 1148 1829 1210 Metaponti
1862 1149 2097 1210 originibus
2127 1167 2235 1213 quae

480 1212 616 1276 Heyn.
649 1214 807 1275 Opusc.
839 1216 902 1269 ΙΙ,
932 1216 1025 1259 206
1050 1231 1139 1275 sqq.
1184 1213 1374 1257 Roehett.
1402 1214 1465 1267 ll,
1498 1216 1571 1256 53.
1596 1214 1667 1256 59.
1701 1213 1789 1254 211
1828 1228 1918 1272 sqq.
1952 1213 2235 1275 disputarunt,

480 1276 714 1320 omittentes
746 1295 861 1321 nunc
893 1277 1104 1319 brevitatis
1137 1277 1276 1319 studio
1309 1277 1550 1333 delegamus
1581 1276 1635 1318 ad
1666 1274 1718 1317 O.
1751 1274 2020 1328 Muellerum,
2064 1276 2137 1336 qui
2167 1276 2233 1321 his

480 1338 609 1381 rebus
650 1338 817 1381 demum
862 1338 995 1382 lucem
1038 1336 1192 1381 affudit
1233 1337 1362 1381 Orch.
1393 1339 1468 1381 99.
1491 1337 1600 1384 401.
1644 1336 1771 1379 Dorr.
1792 1336 1825 1387 l,
1850 1336 1955 1380 264.
1989 1349 2027 1382 et
2058 1338 2102 1382 in
2135 1356 2233 1383 cen-

480 1416 579 1444 sura
607 1398 727 1444 libri:
760 1400 1001 1461 Metaponte
1033 1415 1112 1459 par
1139 1396 1176 1442 le
1212 1397 1295 1443 duc
1324 1397 1384 1442 de·
1406 1398 1574 1462 Luynes
1609 1406 1647 1441 et
1675 1396 1874 1458 Debacq,
1907 1397 1951 1442 iu
1981 1402 2130 1445 Goett.
2146 1403 2235 1460 gel.

477 1463 598 1505 Anz.
629 1462 764 1512 1837,
800 1478 890 1503 nro.
915 1462 959 1508 4,
1023 1461 1171 1502 Statim
1205 1471 1466 1502 transeamus
1494 1461 1549 1502 ad
1582 1461 1720 1501 locum
1750 1461 1972 1502 Strabonis
2005 1465 2078 1513 Vl,
2107 1463 2234 1506 406.:

479 1521 552 1581 qui
585 1522 660 1565 ubi
692 1522 982 1582 Metapontum
1013 1539 1036 1566 a
1059 1520 1317 1566 Samnitibus
1337 1523 1374 1579 1)
1406 1521 1588 1567 excisum
1622 1522 1982 1575 commemoravit,
2009 1522 2069 1568 sic
2096 1523 2234 1584 pergit

481 1599 530 1626 ex
562 1581 799 1628 Antiocho:
842 1584 1034 1628 Achaeos
1075 1583 1212 1627 locum
1244 1594 1445 1627 vastatum
1488 1583 1711 1627 incoluisse
1743 1588 1785 1638 (a
1820 1584 2028 1645 Sybaritis
2064 1587 2232 1639 accitos,

481 1644 597 1706 quod
629 1646 822 1691 nonnulli
856 1647 1059 1705 addunt):
1102 1645 1180 1689 hos
1213 1656 1347 1689 autem
1380 1646 1533 1690 accitos
1567 1662 1655 1689 esse
1682 1655 1854 1705 propter
1885 1646 2148 1692 Achaeorum
2182 1665 2232 1692 ex

478 1708 661 1753 Laconia
692 1709 909 1770 pulsorum
938 1711 982 1754 in
1008 1708 1259 1754 Tarentinos
1293 1708 1450 1761 odium,
1480 1725 1533 1752 ue
1565 1708 1593 1752 ii
1621 1707 1702 1768 ipsi
1731 1706 1867 1751 locum
1898 1727 2075 1754 vacuum
2106 1728 2232 1755 occu-

478 1782 628 1831 parent
647 1773 699 1827 2).
763 1773 812 1816 In
846 1791 930 1833 quo
963 1771 1086 1833 plane
1118 1788 1204 1814 non
1239 1770 1373 1823 video,
1411 1771 1513 1831 quid
1546 1771 1756 1833 Heynium
1788 1770 2019 1826 induxerit,
2052 1783 2097 1816 ut
2129 1773 2233 1818 haec

478 1850 565 1877 non
599 1833 838 1898 Sybaritas,
881 1835 956 1879 sed
987 1833 1172 1878 Thurios
1215 1843 1402 1893 spectare
1445 1843 1642 1877 statueret
1683 1834 1848 1892 p.210.
1915 1835 1979 1878 De
2022 1836 2231 1893 Sybaritis

478 1895 737 1940 Thur-iorum
768 1896 872 1940 urbe
905 1897 1045 1956 ejectis
1075 1894 1300 1956 quominus
1333 1895 1562 1954 cogitemus
1590 1894 1652 1953 (id
1683 1894 1798 1955 quod
1830 1894 2056 1940 insinuavit
2090 1898 2133 1941 C.
2160 1898 2231 1944 Fr.

479 1958 754 2003 Hermannus
784 1959 827 2002 in
861 1970 961 2002 antt.
989 1976 1124 2017 graec.
1146 1956 1261 2018 publ.
1292 1959 1329 2015 ἓ
1343 1958 1418 2009 80,
1440 1968 1525 2001 not.
1544 1961 1619 2009 25,
1651 1974 1691 2017 p.
1710 1959 1812 2000 173.
1837 1958 1902 2001 ed.
1926 1963 2003 2017 2.),
2033 1959 2230 2018 prohibet

478 2019 694 2065 Diodorus
721 2021 816 2073 XII,
837 2024 933 2073 22,
966 2021 1038 2080 qui
1071 2020 1125 2063 ad
1158 2019 1378 2062 Traentem
1412 2018 1583 2063 fluvium
1617 2018 1710 2076 illos
1745 2018 1984 2063 consedisse.
2016 2033 2230 2076 memorat,

478 2098 613 2142 neque
645 2083 690 2125 id
721 2082 887 2125 videtur
917 2082 1106 2144 Heynius
1139 2079 1341 2123 voluisse:
1385 2080 1430 2122 in
1463 2081 1648 2123 'Ihurios
1682 2091 1819 2123 autem
1862 2081 1978 2141 ipsos
2010 2083 2230 2127 Strabonis

477 2144 602 2188 verba
635 2143 806 2188 minime
840 2143 1048 2205 quadrant
1070 2144 1121 2200 3).
1185 2141 1320 2186 Multo
1352 2142 1492 2186 minus
1524 2160 1621 2187 vero
1655 2159 1880 2202 assequor,
1913 2144 2017 2205 quid
2047 2144 2228 2189 Rochet-

478 2206 560 2251 tius
599 2206 652 2250 de
682 2206 949 2252 Achaeorum
992 2206 1156 2251 colonia
1198 2204 1450 2250 Cleandrida
1491 2205 1598 2250 duce
1640 2222 1688 2249 ex
1725 2204 2015 2265 Peloponneso
2055 2207 2226 2252 advecta

587 2350 624 2403 1)
664 2352 741 2389 Sed
778 2352 966 2389 Samnites
1004 2350 1103 2402 (sine
1138 2351 1258 2392 dubio
1285 2353 1434 2391 Lucani
1468 2353 1724 2402 intelligendi,
1764 2353 1832 2402 qui
1870 2351 1917 2388 ad
1952 2363 2036 2386 eam
2144 2359 2221 2390 tem

477 2403 719 2454 pertinuere)
746 2414 826 2442 tum
854 2403 902 2441 ad
928 2416 991 2441 eas
1021 2413 1141 2442 terras
1166 2409 1242 2453 jam
1268 2414 1488 2455 penetrasse
1516 2407 1580 2445 vix
1607 2405 1763 2445 credere
1788 2406 1896 2451 lieet,
1934 2403 1983 2443 cf.
2008 2402 2060 2441 Ni
2139 2404 2229 2444 hist.

477 2456 589 2494 Rom.
608 2456 639 2501 1,
665 2472 703 2508 p.
722 2460 770 2494 99
796 2469 903 2508 sqq-t
937 2468 1028 2493 nunu
1058 2458 1157 2494 sorte
1184 2458 1388 2507 legendum
1413 2457 1654 2497 Aavmwiv?

583 2517 626 2569 2)
665 2521 844 2557 Antioch.
870 2533 931 2568 ap.
956 2518 1084 2556 strab.
1112 2520 1204 2558 1.l.:
1231 2519 1344 2559 δυοῖν
1374 2518 1408 2559 δ’
1438 2516 1568 2560 οὐσῶν
1591 2521 1675 2560 τῶν
1703 2516 1865 2558 πόλεων
1891 2518 1974 2577 τῷν
2002 2516 2226 2556 Memnon·-

476 2568 577 2610 τίων
602 2571 797 2621 ἐγγυτέρω
825 2571 903 2612 τοῦ
938 2566 1173 2620 Τάραντος,
1200 2571 1426 2623 πεισθῆναι
1453 2567 1554 2616 τούς
1575 2568 1835 2623 ἀφιγμέιωυς
1858 2565 1942 2609 ὑπο
1968 2568 2225 2618 Συβαριτῶν,

475 2618 525 2661 τὸ
560 2622 661 2660 Mev-
688 2631 921 2675 κατασχεῖν.
973 2622 1067 2660 lude
1095 2624 1252 2661 fortasse
1278 2623 1414 2670 fluxit,
1457 2625 1563 2674 quod
1590 2625 1722 2673 Steph.
1748 2624 1845 2672 Byz.
1873 2634 1903 2658 s.
1923 2634 1958 2656 v.
1979 2628 2013 2656 et
2040 2619 2147 2658 Eust.
2174 2619 2224 2658 ad

477 2674 643 2724 Dionys.
660 2675 808 2722 Perieg.
826 2679 917 2712 368.
936 2675 1203 2728 Metapontum
1230 2675 1438 2727 aliquando
1466 2676 1580 2714 Sirim
1610 2676 1837 2725 appellatam
1867 2670 2034 2709 tradunt.
2073 2670 2223 2711 Locum

476 2727 531 2765 ita
567 2727 728 2765 restituit
766 2726 956 2764 Cluverus
996 2729 1042 2766 11.
1070 2737 1147 2767 ant.
1176 2744 1213 2779 p.
1232 2733 1371 2768 1278.:
1413 2729 1497 2768 τῶν
1537 2723 1696 2768 πόλεων
1734 2727 1806 2776 τῆς
1844 2722 2112 2782 21'911503-8112
2147 2725 2225 2765 τοῦ

477 2778 776 2819 Μεταποντίου
800 2781 833 2817 ἐ.
866 2778 915 2817 Τ.
952 2780 1219 2819 anocchius:
1247 2782 1328 2821 τῶν
1355 2780 1663 2820 Μεταποντίων
1689 2778 1755 2819 καὶ
1783 2777 1864 2816 τῶν
1895 2775 2083 2826 Σοριτων·

580 2840 622 2891 3)
659 2842 872 2881 Restitutos
906 2842 1103 2894 Sybaritas
1133 2844 1347 2894 Metaponti
1388 2843 1678 2893 occupationem
1719 2848 1884 2878 tentasse
1917 2837 1992 2875 sibi
2030 2837 2219 2887 persuasit

474 2890 640 2930 Ullrich.
666 2909 706 2944 p.
725 2900 771 2933 51
800 2910 888 2947 sqq.
912 2898 1125 2936 rationibus
1155 2910 1235 2934 uon
1261 2897 1315 2933 ita
1345 2896 1510 2934 levibus.

1703 2958 1763 2999 4*

2907 371 2910 376 ·
2905 229 2920 357 ‘mxxv-*r

2914 770 2919 781 .-
2907 739 2915 753 ,-
2897 563 2912 698 .ι..,,.,.,,,
2907 485 2915 543 qv?
2905 411 2912 470 ,wi

2912 1705 2915 1707 v
2908 1668 2910 1670 ⁴
2902 1593 2909 1639 Ἠ
2902 1194 2925 1558 ’ἐ-*·“”“’-ι-ῖτ-““-·Ψ
2906 1114 2907 1117 Α
2906 1048 2908 1050 -

2886 2625 2893 2629 t

2910 3083 2915 3132 *¹*
2910 2903 2920 3024 *nn—n.
2904 2645 2920 2834 ’ΜΒ
