2933 3727
1306 350 1374 396 47

463 482 612 516 auctor
637 465 792 530 Heynii
823 464 1136 526 prolusionibus
1167 465 1337 509 meliora
1370 464 1516 508 doctus
1550 481 1639 508 eam
1674 465 1965 510 retractaverit.
2016 464 2211 507 Perverse

461 531 565 591 (nisi
597 529 704 575 forte
737 543 876 573 verum
914 528 1040 581 vidit,
1081 527 1303 573 obscurius
1336 525 1551 587 loquutus)
1588 527 1851 591 Barthelemy
1884 529 1942 573 St.
1972 525 2132 571 Hilaire
2167 525 2209 568 in

464 594 648 638 editione
673 592 842 635 Aristot.
872 590 991 634 Polit.
1018 589 1071 632 ad
1099 594 1130 643 1,
1153 592 1192 643 1,
1215 592 1278 635 6.:
1314 591 1610 644 Clzarondas,
1644 593 1941 646 (jamnensis,
1974 592 2211 649 legislator

472 658 774 709 Thur-iorum,
816 656 943 698 circa
976 654 1044 696 Ol.
1074 655 1258 697 XXIX.

590 729 681 773 Hoc
721 727 814 772 loco
849 726 972 770 etiam
1012 723 1376 769 commemoranda
1412 735 1534 778 sunt,
1578 740 1684 785 quae
1719 724 1770 768 de
1797 735 1928 769 morte
1959 724 2208 769 Charondae

463 802 691 836 narrantur
733 788 860 834 Diod.
886 791 982 842 XII,
1012 789 1082 833 19.
1123 788 1213 833 val.
1242 788 1351 832 Max.
1381 790 1449 841 VI,
1482 791 1522 832 5.
1587 788 1729 846 Quum
1770 786 1995 848 aliquando
2027 787 2210 831 latrones

462 865 616 898 terram
646 852 839 897 infestam
881 851 1127 905 redderent,
1175 850 1420 895 Charondas
1455 850 1508 894 ad
1542 867 1613 894 eos
1644 850 1860 911 pellendos
1904 867 2094 908 egressus
2129 860 2210 893 est:

461 917 619 960 interea
648 916 691 959 in
725 915 830 959 urbe
863 914 1067 959 seditione
1099 924 1188 959 orta
1220 913 1466 959 Charondas
1497 930 1687 957 reversus
1727 912 1866 972 gladio
1899 931 1985 957 nou
2020 912 2210 973 deposito

462 978 707 1023 concionem
760 977 887 1031 adiit,
929 977 1044 1038 quod
1085 978 1175 1038 ipse
1217 977 1308 1036 lege
1345 987 1528 1028 caverat,
1578 976 1828 1036 supplicium
1861 976 1920 1029 ei,
1961 976 2033 1036 qui
2065 986 2209 1019 contra

461 1040 648 1093 fecisset,
693 1040 885 1083 minatus.
950 1039 1080 1097 Quod
1113 1057 1241 1099 quum
1276 1039 1426 1098 aliquis
1463 1037 1749 1081 exclamasset:
1799 1049 1910 1082 tuam
1948 1039 2038 1097 ipse
2076 1037 2208 1094 legem

462 1101 669 1154 dissolvis,
695 1102 780 1145 imo
809 1100 1035 1154 confirmo,
1060 1101 1218 1161 inquit,
1254 1111 1293 1144 et
1316 1100 1465 1159 gladio
1493 1117 1536 1143 se
1569 1100 1783 1160 percussit.
1847 1100 1910 1143 De
1945 1116 2027 1160 qua
2060 1116 2207 1142 narra-

461 1164 573 1207 tione
604 1180 756 1222 magna
790 1163 888 1207 inde
921 1163 1127 1207 dubitatio
1156 1163 1301 1215 existit,
1330 1162 1447 1222 quod
1474 1162 1583 1218 idem
1615 1163 1666 1206 de
1690 1162 1865 1206 Zaleuco
1899 1172 1937 1205 et
1968 1162 2019 1206 de
2047 1161 2208 1211 Diocle,

463 1227 535 1286 qui
571 1226 846 1288 Syracusanis
879 1225 990 1284 leges
1023 1226 1211 1286 scripsit,
1249 1225 1436 1269 traditur.
1500 1224 1625 1268 Diod.
1658 1224 1683 1268 l.
1709 1243 1742 1269 c.
1774 1224 1962 1268 Eustath.
1997 1224 2050 1268 ad
2087 1223 2133 1267 Il.
2162 1221 2209 1275 α’,

461 1304 505 1347 p,
524 1289 595 1331 62.
627 1288 692 1330 ed.
712 1289 808 1331 Bas.
871 1290 921 1330 In
955 1303 1039 1345 quo
1070 1303 1156 1330 non
1186 1287 1506 1344 refragabimur,
1540 1288 1575 1329 si
1607 1287 1700 1345 quis
1734 1298 1897 1339 statuat,
1931 1286 1985 1330 ad
2018 1285 2206 1330 Dioclem

461 1349 568 1392 illud
591 1349 730 1409 potius
756 1347 1019 1391 referendum
1049 1362 1149 1400 esse,
1183 1364 1306 1406 quam
1342 1347 1396 1389 ad
1425 1346 1647 1390 Zaleucum
1676 1357 1714 1389 et
1736 1347 2016 1400 Charondam,
2047 1358 2209 1389 utrum·

462 1428 544 1470 que
577 1411 819 1469 antiquitate
852 1409 1059 1452 obtectum
1093 1419 1132 1452 et
1163 1408 1218 1450 ad
1249 1425 1353 1468 quos
1387 1407 1507 1451 facile
1547 1408 1729 1467 potuerit
1770 1409 2000 1452 transferri.
2063 1408 2210 1451 Zaleu-

463 1489 556 1516 cum
601 1472 644 1514 in
680 1471 789 1514 hello
827 1470 1088 1513 interfectum
1134 1485 1220 1513 esse
1269 1480 1413 1514 auctor
1454 1480 1513 1513 est
1546 1470 1699 1514 Suidas
1729 1486 1760 1514 s.
1788 1488 1825 1517 v.
1889 1471 2014 1514 Utin
2046 1470 2208 1528 legibus

464 1532 715 1576 Charondae
749 1542 788 1574 et
815 1530 999 1584 Zaleuci,
1031 1531 1088 1573 ita
1121 1531 1165 1574 in
1189 1532 1269 1574 vita
1295 1548 1461 1591 quoque
1489 1548 1631 1576 eorum
1662 1532 1791 1576 multa
1818 1532 1993 1577 confusa
2020 1532 2210 1591 legimus.

460 1594 579 1640 Suid.
607 1611 639 1639 s.
662 1612 696 1638 v.
727 1591 991 1644 Zoc'kevxos'
1023 1592 1198 1657 Λοκρὸς
1230 1598 1283 1643 ἐκ
1311 1593 1508 1657 Θουρίου.

589 1668 776 1711 Tertium
810 1678 949 1719 restat,
981 1677 1027 1710 ut
1052 1667 1327 1728 inquiramus,
1359 1684 1458 1711 num
1479 1667 1684 1726 genuinae
1717 1668 1800 1711 sint
1821 1668 1930 1726 leges
1963 1686 1986 1712 a
2014 1668 2206 1713 Diodoro

459 1739 499 1772 et
529 1730 597 1772 J0.
631 1730 812 1772 Stobaeo
846 1729 1095 1771 Charondae
1128 1730 1296 1772 nomine
1328 1729 1451 1771 nobis
1481 1740 1665 1772 servatae
1705 1746 1798 1772 cum
1827 1731 2052 1789 prooemio.
2115 1732 2209 1773 Du-

460 1790 559 1833 dum
594 1792 703 1834 inter
735 1807 877 1834 omnes
911 1791 1102 1834 convenit
1133 1801 1229 1850 post
1261 1800 1505 1849 argumenta
1533 1790 1712 1850 Bentleji
1744 1792 1968 1850 sagacitate
2001 1792 2209 1844 extricata,

460 1852 513 1895 ab
547 1853 711 1914 Heynio
744 1852 1005 1912 locupletata,
1037 1851 1174 1910 legum
1207 1852 1371 1896 illarum
1406 1852 1639 1911 fragmenta
1670 1870 1764 1896 cum
1792 1854 2022 1913 prooemio,
2054 1855 2110 1897 ita
2147 1855 2206 1897 uti

459 1913 583 1957 nobis
612 1914 764 1957 tradita
792 1924 900 1965 sunt,
930 1913 1178 1956 Charondae
1212 1930 1298 1956 non
1328 1914 1460 1972 magis
1494 1914 1661 1967 deberi,
1693 1931 1816 1974 quam
1851 1915 2022 1959 alterum
2052 1932 2205 1975 prooe-

457 1976 588 2018 mium
619 1975 794 2019 Zaleuco
811 1975 864 2035 ⁵).
926 1974 1138 2018 Dialectus
1172 1975 1339 2028 dorica,
1384 1992 1464 2035 qua
1498 1976 1660 2020 initium
1693 1978 1919 2035 prooemii,
1952 1978 2066 2036 quod
2096 1978 2205 2020 Cha-

459 2038 637 2081 rondam
668 2054 768 2097 prae
801 2053 844 2080 se
880 2036 958 2079 sert
982 2047 1205 2089 auctorem,
1235 2038 1517 2096 conscriptum
1547 2049 1619 2089 est,
1652 2038 1825 2082 omnino
1860 2039 1991 2083 oratio
2021 2039 2208 2092 conitior,

460 2116 583 2159 quam
617 2116 695 2159 pro
729 2097 797 2140 illa
826 2097 1082 2158 antiquitate,
1106 2099 1402 2142 sententiarum
1433 2098 1673 2150 nonnullae,
1706 2116 1810 2158 quas
1839 2100 1898 2143 ibi
1928 2100 2102 2158 legimus
2138 2117 2207 2143 ex-

459 2175 649 2220 pressas,
681 2160 923 2219 posterioris
962 2160 1105 2202 aetatis
1147 2161 1391 2219 scriptorem
1432 2171 1634 2217 arguunt,
1678 2161 1987 2222 Pythagoreum
2023 2162 2206 2221 quidem,

460 2222 531 2282 qui
575 2233 613 2266 et
656 2221 918 2283 prooemium
963 2232 1002 2266 et
1044 2220 1156 2281 leges
1206 2222 1259 2267 ad
1302 2240 1423 2267 suum
1463 2221 1688 2281 ingenium*
1722 2223 2006 2268 conformavit.
2071 2222 2204 2282 Quod

458 2284 801 2329 WVarhurtonius
836 2300 920 2328 rem
955 2284 1012 2328 ita
1047 2286 1259 2346 componit
1291 2295 1336 2329 ut
1368 2285 1516 2329 sentiat
1545 2287 1735 2342 (Diome
1750 2288 1949 2344 legation
1976 2288 2206 2342 offiloses

459 2365 502 2409 p.
520 2348 610 2392 108
635 2351 765 2409 sqq.),
798 2347 908 2406 leges
950 2347 1042 2391 illas
1070 2358 1108 2391 et
1140 2349 1353 2408 prooemia
1397 2365 1495 2391 aevo
1528 2347 1748 2407 posteriori
1781 2348 1825 2391 in
1861 2347 2029 2392 alteram
2065 2360 2202 2392 trans·

460 2411 615 2468 scripta
669 2428 757 2454 esse
805 2410 1024 2454 dialectum
1069 2411 1148 2466 (uti
1197 2411 1248 2455 de
1295 2410 1454 2455 Dioclis
1502 2408 1665 2467 legibus
1700 2409 1855 2454 factum
1896 2429 1984 2455 esse
2027 2411 2201 2469 legimus

459 2470 586 2516 Diod.
612 2471 686 2526 XI,
719 2471 836 2533 34),
867 2470 952 2516 {ere
985 2470 1104 2516 nihili
1138 2471 1406 2533 pendendum
1436 2480 1507 2518 est.
1573 2470 1787 2516 Genuinas
1831 2473 2047 2535 utriusque
2090 2473 2201 2533 leges

458 2535 583 2576 nobis
613 2551 700 2577 non
735 2552 823 2578 esse
855 2546 1055 2586 servatas,
1081 2534 1144 2577 vel
1175 2535 1253 2578 hoc
1284 2536 1444 2588 innuit,
1484 2534 1598 2593 quod
1633 2535 1835 2577 nonnulla
1868 2537 1912 2579 in
1939 2548 2114 2594 utroque
2145 2537 2204 2578 le-

462 2597 620 2654 gimus,
664 2614 772 2655 quae
814 2596 881 2640 vix
911 2596 1013 2640 alter
1044 2596 1095 2639 ab
1122 2595 1249 2641 altero
1279 2596 1448 2650 sumsit,
1483 2606 1520 2639 et
1553 2595 1707 2655 quibus
1748 2597 1916 2641 Stobaei
1952 2609 1989 2642 ct
2020 2598 2199 2642 Diodori

566 2742 606 2790 5)
643 2742 854 2791 Utriusque
892 2743 1132 2790 prooemium
1161 2743 1292 2779 Cicero
1321 2743 1489 2780 laudavit
1523 2745 1616 2791 legg.
1643 2746 1690 2789 11,
1719 2749 1755 2780 6.
1808 2747 1941 2793 ltaque
1971 2746 2108 2782 mirum
2139 2754 2204 2790 est,

461 2796 618 2832 Zaleuci
647 2796 887 2844 prooemium
917 2807 939 2830 a
966 2794 1143 2832 Diodoro
1171 2797 1342 2843 agnosci,
1382 2809 1465 2832 curu
1495 2797 1654 2833 alterum
1685 2796 1911 2834 Charondae
1946 2796 2123 2844 ignorare
2149 2799 2204 2834 vi-

461 2846 609 2885 deatur.
667 2847 755 2892 Quo
784 2847 990 2889 evincitur,
1031 2855 1206 2885 auctores
1234 2847 1386 2897 quidem
1417 2848 1579 2886 Diodori
1614 2858 1649 2886 et
1674 2849 1831 2886 Stobaei
1861 2863 1908 2887 ex
1936 2849 2068 2887 eodem
2098 2851 2201 2886 sonte

463 2900 648 2945 hausisse,
679 2912 805 2949 neque
832 2906 957 2936 tamen
985 2898 1101 2947 ipsos.
