2987 3687
1546 319 1580 364 2

691 434 1052 497 speciosissimam
1085 434 1209 477 nobis
1239 434 1464 492 imaginem
1497 432 1725 491 praebent,
1767 434 1839 492 qui
1869 445 2017 479 nostro·
2047 450 2148 479 aevo
2180 435 2258 480 hos
2293 447 2444 481 tractus

691 506 991 557 peragrarunt,
1023 494 1285 538 Riedeselius
1319 512 1358 554 p.
1382 497 1473 540 192
1492 510 1607 554 sqq.,
1640 493 1940 538 Swinburnius
1968 497 2000 540 1.
2027 513 2068 555 p.
2085 498 2179 542 285
2205 515 2315 558 sqq„
2344 500 2445 543 Cra-

691 559 834 602 venius
868 557 1020 616 p.212
1049 573 1139 617 sqq.
1204 557 1362 600 Mirum
1397 556 1507 600 enim
1543 567 1744 616 quantum
1777 555 1983 600 delectant
2014 557 2304 604 describendis
2337 562 2445 606 arvis

689 619 769 662 illis
816 618 1077 672 laetissimis,
1119 617 1233 661 caelo
1277 630 1481 678 perpetua
1522 618 1608 661 fere
1655 618 1872 661 serenitate
1914 618 2166 677 conspicuo,
2212 622 2446 676 frumentis,

688 679 863 732 vitibus,
896 680 1035 740 pomis
1067 697 1229 724 summe
1262 681 1412 733 variis,
1446 679 1572 733 oleis,
1605 680 1741 733 citris,
1777 697 1843 724 am
1876 679 2011 738 gdalis
2044 679 2176 724 effuse
2208 681 2447 739 luxuriosis,

688 741 889 801 gregibus
921 758 1149 802 equorum,
1190 742 1344 798 boum,
1389 757 1511 785 omne
1554 758 1687 801 genus
1720 757 1826 802 pecu
1861 759 1931 784 um
1962 740 2127 785 infinito
2159 760 2335 787 numero
2363 747 2445 789 cir-

689 805 1049 863 cumvagantibus.
1113 806 1246 847 Terra
1278 805 1363 847 fere
1389 814 1539 863 sponte
1572 804 1713 847 onmia
1746 803 2010 864 suppeditat,
2055 804 2247 865 inprimis
2276 823 2446 861 manna,

687 867 810 926 cujus
827 867 1052 926 quotannis
1071 866 1217 910 messis
1245 876 1304 909 est
1328 865 1585 924 largissima:
1617 866 1709 924 agri
1730 866 1852 910 etiam
1876 876 2023 927 quater
2042 883 2118 927 per
2138 884 2294 911 annum
2320 884 2444 912 aran-

687 939 768 973 tur.
828 929 915 973 Nec
949 928 1101 971 desunt
1132 938 1316 971 veterum
1342 927 1393 970 de
1428 927 1572 970 eadem
1603 928 1797 970 felicitate
1825 929 2071 971 testimonia.
2134 930 2199 973 De
2231 931 2442 975 frumento

687 994 821 1034 Varro
855 990 907 1033 de
940 1007 985 1033 re
1015 1000 1118 1033 rust.
1136 993 1170 1042 Ι,
1202 989 1297 1033 44.;
1350 992 1411 1033 In
1453 990 1735 1049 Sybaritano
1782 992 1941 1033 dicunt
1983 993 2122 1033 etiam
2154 1008 2256 1035 cum
2288 1004 2447 1037 cente-

686 1056 804 1096 sima
845 1055 1000 1096 redire
1040 1055 1239 1101 solitum,
1313 1051 1378 1095 De
1411 1050 1489 1095 soli
1536 1051 1730 1095 ubertate·
1759 1051 1881 1095 etiam
1911 1050 2129 1095 Diodorus
2161 1053 2443 1100 conferendus

686 1115 762 1167 XI,
791 1115 866 1158 90.
893 1115 997 1170 XII,
1031 1114 1184 1158 9-11.
1247 1114 1386 1174 Atque
1415 1113 1608 1174 inprimis
1642 1124 1786 1158 taurus
1821 1114 1866 1157 in
1899 1113 2038 1158 numis
2067 1115 2319 1176 conspicuus
2353 1133 2444 1161 eam

687 1174 932 1220 confirmat:
988 1193 1242 1237 quamquam
1287 1187 1407 1229 sunt,
1456 1176 1527 1236 qui
1572 1176 1760 1220 Crathim
1804 1175 1876 1219 illa
1914 1176 2097 1236 imagine
2138 1180 2444 1239 repraesentari

682 1237 843 1283 malint.
892 1241 944 1282 V.
976 1237 1137 1282 Swinb.
1170 1255 1212 1298 p.
1231 1238 1338 1282 294.
1412 1238 1630 1282 Praeterea
1674 1238 1973 1297 agriculturam
2016 1251 2205 1300 spectant
2244 1241 2445 1286 frumenti

687 1317 822 1359 grana
854 1300 899 1343 in
942 1300 1083 1344 numis
1127 1300 1343 1344 nonnullis
1389 1316 1582 1361 expressa
1628 1301 1813 1357 (Rasche
1838 1302 1936 1346 Lex.
1967 1319 2087 1346 num.
2119 1303 2166 1346 Τ.
2192 1305 2240 1347 V.
2275 1304 2321 1348 P.
2340 1304 2372 1348 I.
2405 1321 2445 1365 p.

689 1364 826 1415 1155,
855 1379 917 1405 nr.
939 1363 1010 1405 16.
1043 1380 1083 1421 p.
1104 1364 1238 1414 1159,
1268 1363 1437 1418 nr.31.)
1472 1373 1594 1420 atque
1626 1363 1788 1405 Cereris
1822 1363 1970 1414 cultus,
2003 1381 2125 1420 quem
2160 1376 2199 1407 et
2227 1366 2367 1423 ipsum
2398 1384 2446 1409 ex

688 1424 829 1468 numis
860 1423 1132 1483 cognovimus
1175 1422 1386 1482 (Mionnet
1414 1423 1560 1467 Descr.
1594 1422 1667 1466 (les
1698 1421 1912 1466 me'dailles
1946 1423 2138 1482 antiques
2170 1426 2244 1478 t.1‚
2276 1442 2317 1486 p.
2341 1426 2446 1479 171,

686 1504 748 1530 nr.
771 1488 908 1546 695.)
972 1486 1138 1530 Deinde
1180 1487 1322 1529 vinum
1365 1485 1408 1527 in
1442 1503 1543 1543 agro
1578 1485 1772 1529 Thurino
1814 1484 2058 1545 provenisse
2084 1487 2262 1530 maxime
2291 1488 2449 1531 nobili-

685 1559 839 1601 tatum,
874 1549 1025 1592 docent
1057 1548 1220 1592 Plinius
1249 1549 1299 1590 N.
1322 1548 1372 1590 H.
1391 1548 1505 1601 XIV,
1532 1551 1574 1600 3,
1607 1549 1647 1591 6.
1693 1547 1847 1591 Strabo
1877 1548 1948 1600 Vl,
1976 1546 2084 1591 404.
2146 1548 2244 1593 Vini
2278 1550 2443 1611 copiam

687 1611 809 1655 etiam
854 1627 902 1654 ex
944 1609 1163 1653 Athenaeo
1205 1609 1380 1668 colligas
1402 1611 1499 1662 ΧΠ,
1531 1611 1638 1661 519,
1670 1609 1735 1653 d.:
1778 1612 2002 1653 Plurimis
2046 1613 2186 1654 cellae
2235 1615 2445 1657 vinariae

680 1690 832 1733 prope
864 1689 995 1716 mare
1021 1675 1194 1729 fuere,
1242 1675 1288 1715 in
1331 1687 1445 1729 quas
1475 1673 1713 1715 canalibus
1747 1674 1901 1716 vinum
1932 1689 1986 1716 ex
2018 1676 2148 1730 agris
2167 1677 2445 1732 perductum

681 1738 863 1793 partim
883 1735 1141 1779 vendebant
1167 1734 1498 1776 mercatoribus
1527 1736 1741 1787 externis,
1765 1736 1947 1790 partim
1978 1738 2175 1792 navigiis
2208 1739 2255 1778 in
2289 1738 2446 1780 urbem

688 1797 1007 1854 deportabant.
1070 1794 1228 1838 Eodem
1272 1792 1484 1836 retulerim
1532 1793 1700 1857 thyrsos
1741 1792 1785 1836 in
1828 1793 1967 1836 numis
2010 1811 2074 1854 ap.
2107 1795 2336 1841 Raschium
2364 1796 2392 1840 l.
2421 1797 2445 1840 l.

685 1859 874 1918 p.1156‚
908 1874 970 1901 nr.
993 1859 1068 1901 27.
1088 1860 1161 1902 37.
1190 1856 1381 1917 Ρ.1158,
1413 1872 1476 1897 nr.
1491 1856 1533 1899 8.
1564 1857 1755 1915 p.1160‚
1778 1857 1931 1897 nr.57.
1959 1856 2030 1898 58.
2062 1873 2103 1915 p.
2130 1859 2264 1910 1161,
2293 1876 2356 1901 nr.
2373 1860 2445 1904 68.

684 1920 827 1963 Liberi
861 1930 1000 1962 tamen
1035 1919 1170 1962 cultus
1203 1934 1421 1977 nunquam
1453 1917 1625 1961 Thuriis
1660 1917 1716 1960 ita
1748 1915 1907 1969 floruit,
1947 1927 1993 1960 ut
2027 1933 2062 1961 e.
2082 1935 2122 1976 g.
2151 1918 2349 1974 Tarenti,
2392 1921 2443 1966 de

687 1999 773 2042 quo
807 1981 918 2025 conf.
949 1979 1071 2027 Plato
1104 1980 1212 2039 legg.
1237 1981 1270 2033 I,
1304 1980 1410 2033 637,
1441 1979 1483 2023 b.
1514 2003 1569 2013 ·-·
1629 1978 1763 2022 Porro
1807 1978 1938 2021 olivae
1975 1978 2019 2021 in
2059 1997 2162 2038 agro
2190 1981 2445 2044 Sybaritano

685 2054 908 2104 provectae
939 2042 1024 2102 jam
1059 2042 1172 2104 apud
1207 2042 1401 2102 antiquos
1434 2041 1588 2085 famam
1611 2040 1826 2084 habebant
1856 2058 1943 2083 non
1977 2041 2181 2100 exiguam.
2242 2044 2448 2099 Athen.I,

687 2109 762 2158 30,
797 2106 838 2149 b.
870 2106 923 2157 ΙΙ,
958 2106 1031 2157 67,
1061 2105 1104 2154 b,
1168 2104 1229 2148 Cf.
1257 2104 1451 2147 Mionnet
1483 2103 1632 2163 Suppl.
1662 2114 1688 2147 t.
1710 2105 1746 2158 I,
1776 2119 1818 2162 p.
1835 2105 1941 2155 322,
1967 2105 2153 2150 nr.852.

812 2168 877 2211 De
907 2176 993 2210 tota
1024 2165 1092 2210 illa
1127 2167 1310 2224 regione,
1341 2166 1383 2208 in
1418 2182 1500 2224 qua
1534 2165 1710 2226 Sybaris
1739 2164 1817 2207 sita
1840 2174 1939 2216 erat,
1969 2165 2037 2208 adi
2058 2167 2272 2211 Theocriti
2305 2167 2443 2213 locum

689 2229 1043 2289 elegantissimum
1079 2228 1140 2272 Id.
1160 2231 1210 2273 V.
1242 2227 1483 2270 Fertilitatis
1518 2244 1721 2287 aquarum
1751 2226 1871 2286 copia
1904 2227 2081 2272 maxime
2113 2229 2193 2273 fuit
2222 2229 2267 2273 in
2297 2232 2447 2276 causis.

692 2293 863 2334 Craven.
889 2309 931 2351 p.
953 2292 1059 2335 216.
1123 2290 1186 2334 Ac
1228 2301 1361 2334 terrae
1397 2289 1618 2349 respondit
1646 2305 1761 2333 mare
1790 2288 2102 2350 propinquum,
2146 2292 2263 2352 quod
2308 2293 2445 2353 pisces

691 2353 1015 2414 pretiosissimos
1049 2352 1201 2397 accolis
1230 2351 1400 2396 abunde
1433 2351 1648 2412 praebuit,
1689 2351 1871 2412 itemque
1901 2367 2113 2412 purpuras
2145 2354 2342 2398 marinas.
2405 2356 2444 2398 A

690 2416 865 2460 Thuriis
900 2416 1020 2459 etiam
1054 2416 1181 2475 piscis
1214 2415 1386 2476 quidam
1420 2432 1572 2458 nomen
1609 2414 1786 2475 accepit:
1821 2413 2005 2467 Ath.V1‚
2038 2417 2145 2469 274,
2166 2434 2199 2461 c.
2232 2418 2322 2469 VII,
2339 2419 2446 2472 329,

693 2496 726 2523 a.
747 2478 849 2537 (Cff.
871 2478 1271 2537 tamen'Schweigh.
1292 2478 1345 2522 ad
1364 2478 1547 2538 priorem
1566 2477 1703 2522 locum
1722 2487 1762 2520 et
1774 2476 1948 2521 Salmas.
1970 2478 2024 2521 ad
2041 2478 2170 2523 Solin.
2186 2496 2226 2541 p.
2242 2480 2376 2534 1317,
2391 2483 2446 2534 c.)

692 2542 787 2585 Ath.
812 2543 908 2595 XII,
942 2542 1048 2594 521,
1077 2541 1140 2584 d.:
1185 2543 1233 2585 A
1264 2542 1446 2585 tributis
1480 2544 1699 2584 immunes
1732 2543 1810 2598 qui
1838 2543 2072 2597 anguillas
2106 2547 2356 2587 venderent
2388 2561 2444 2588 ac

686 2608 999 2662 piscarentur,
1031 2606 1168 2647 iidem
1201 2620 1298 2646 esse
1330 2605 1581 2647 voluerunt.
1644 2604 1819 2646 Eodem
1845 2610 1985 2659 pacto
2019 2607 2090 2660 iis,
2124 2609 2202 2663 qui
2235 2608 2446 2650 marinas

689 2682 932 2724 purpuras
965 2666 1280 2720 venabantur,
1321 2674 1364 2707 et
1406 2674 1567 2722 captas
1598 2663 1860 2722 afferebant
1889 2689 1950 2697 —
1977 2667 2306 2710 immunitatem
2333 2684 2447 2711 con—

696 2738 942 2772 cesserunt.
1001 2727 1144 2772 Pisces
1173 2725 1414 2786 saepissime
1447 2725 1491 2769 in
1520 2725 1658 2769 numis
1688 2723 1967 2768 Thuriorum:
1999 2726 2043 2771 in
2074 2744 2161 2771 uno
2191 2744 2353 2780 cancer,
2381 2744 2446 2788 ap.

694 2788 898 2831 Mionnet.
930 2798 956 2830 t.
978 2789 1011 2840 I,
1043 2791 1203 2846 p.270‚
1233 2805 1296 2830 nr.
1317 2789 1421 2832 687.
1488 2788 1550 2831 Cf.
1575 2785 1779 2831 Riedeset.
1812 2803 1854 2845 p.
1874 2788 1977 2834 193.
2003 2792 2218 2834 Piscosos
2248 2792 2448 2849 lapidosi

700 2852 937 2896 Crathidis
964 2866 1121 2895 amnes
1152 2859 1355 2894 memorat
1388 2847 1567 2893 Ovidius
1600 2848 1709 2893 Fast.
1728 2848 1805 2901 III,
1838 2848 1941 2893 581.
