2878 3690
1306 324 1341 368 5

457 452 548 486 rent
570 441 620 499 5).
681 440 844 484 Nomen
873 437 1025 499 gentile
1054 438 1154 483 inde
1186 438 1396 483 derivatur
1425 438 1575 482 Thurii
1607 438 1669 482 vel
1702 438 1903 483 Thurini:
1935 438 2113 482 Thuriat

457 504 617 561 legitur.
636 503 681 546 in
712 502 984 562 inscriptione
1020 519 1085 563 ap.
1106 502 1333 546 Gruterum
1363 519 1403 560 p.
1426 502 1610 555 CXCIX,
1642 502 1715 546 ubi
1737 504 1820 546 VV.
1838 502 1932 546 DD.
1969 500 2197 546 Thuriates

456 564 758 620 restituendum
793 581 880 609 esse
907 574 1177 609 censuerunt:
1209 563 1374 607 videtur
1406 572 1543 606 tamen
1574 564 1633 608 ibi
1667 564 1806 624 potius
1837 565 2063 608 Thuriatae
2093 562 2197 606 scri-

453 638 573 687 ptum
605 628 734 671 fuisse
760 644 783 670 a
815 624 974 670 Thuria
1008 627 1239 670 derivatum
1257 626 1309 685 6).
1360 623 1697 685 *Theophrastus
1730 644 1794 686 ap.
1817 626 2044 670 stobaeum
2076 642 2197 669 serm.

450 690 531 744 44,
558 691 713 750 Ρ.201.
748 689 879 733 Gaisf.
911 687 950 743 οἱ
981 688 1235 752 Θουριακοί.
1298 686 1368 731 Ad
1397 703 1520 747 quem
1553 686 1691 732 locum
1725 689 1912 750 Heynius
1944 688 2197 748 Opuscc.ll,

454 769 494 812 p.
518 753 638 802 152:
666 762 780 812 puto
810 755 967 796 vitiose
985 768 1079 809 pro
1106 749 1349 813 Θούριοι.
1411 750 1464 793 Et
1486 767 1585 794 sane
1617 750 1783 793 duobus
1805 752 2074 810 sequentibus
2094 750 2197 793 locis

456 814 771 874 Theophrastus
802 813 882 859 hac
922 813 1057 855 forma
1098 812 1239 855 utitur.
1302 813 1459 856 Tamen
1510 813 1688 856 formam
1723 812 1971 873 Θουριακοί
2010 812 2200 871 agnoscit

456 876 694 936 Stephanus
725 876 826 952 Byz.
860 892 892 919 s.
924 892 959 920 v,
986 870 1183 938 Θούριοι,
1232 889 1361 934 eaque
1394 873 1630 919 confirmari
1674 874 1839 919 videtur
1876 874 1969 919 loco
2002 873 2200 937 Hesychii

456 953 487 990 s.
517 955 552 980 v.
579 932 859 996 Ἱπποδαμου
888 937 1088 995 νέμησις,
1130 953 1213 997 quo
1242 937 1322 979 sub
1365 948 1602 982 monstrosa
1630 955 1729 982 voce
1770 956 1892 992 σατυ
1923 936 2044 987 ιχούς
2072 937 2199 980 latere

454 997 732 1061 Θουριακούς
768 999 946 1058 conjecit
984 992 1173 1043 Valesius
1216 998 1272 1042 ad
1309 1000 1557 1059 Harpocrat.
1602 1017 1633 1043 s.
1674 1018 1708 1044 v.
1742 997 1876 1048 ‘Imro
1905 998 2068 1059 α’μειαε
2114 997 2195 1041 nisi

454 1061 560 1105 sorte
586 1061 705 1105 malis
737 1059 1094 1123 Συβαριτικούς.
1156 1062 1355 1114 Fontem,
1398 1078 1421 1104 a
1455 1078 1538 1121 quo
1572 1062 1722 1106 Thurii
1754 1078 1909 1104 nomen
1938 1070 2201 1121 acceperunt,

455 1140 598 1167 omnes
632 1124 843 1183 appellant
873 1117 1078 1166 'l'huriam
1099 1124 1151 1179 7),
1184 1134 1354 1182 excepto
1387 1140 1472 1166 uno
1506 1123 1738 1167 Scholiasta
1769 1122 1824 1167 ad
1856 1123 2032 1168 Theocr.
2057 1125 2105 1167 V.
2129 1123 2199 1173 in.,

455 1186 526 1245 qui
558 1186 609 1230 de
642 1186 768 1230 fluvio
797 1185 959 1229 Thurin
989 1184 1195 1246 loquitur,
1228 1202 1313 1245 quo
1346 1185 1411 1228 vix
1439 1186 1607 1229 nomine
1640 1186 1795 1244 dignus
1824 1196 1921 1229 erat.

592 1263 868 1322 vQuamquam
904 1279 1001 1306 vero
1048 1280 1072 1305 a
1110 1263 1225 1305 fonte
1264 1261 1336 1304 illo
1377 1262 1474 1305 urbi
1492 1281 1501 1285 ·’
1517 1280 1671 1306 nomen
1718 1264 1975 1306 Thuriorum
2018 1271 2199 1313 venerat,

455 1334 594 1366 tamen
626 1324 822 1367 videntur
852 1323 897 1366 id
929 1324 1011 1383 ipsi
1042 1323 1229 1367 Thurini
1261 1323 1381 1382 quasi
1421 1323 1606 1382 quodam
1633 1324 1728 1366 lusu
1761 1341 1784 1367 a
1817 1324 1983 1386 θοῦρος
2014 1323 2200 1373 duxisse3
2276 1336 2278 1338 ’

456 1397 725 1445 cornupetam
760 1385 869 1429 enim
902 1395 1067 1428 taurum
1099 1384 1239 1428 numis
1269 1384 1356 1428 suis
1385 1385 1628 1444 praeferunt
1660 1385 1796 1446 (quod
1828 1396 1965 1428 tamen
1998 1401 2084 1428 uon
2118 1394 2203 1426 sta·

454 1448 528 1490 tim
578 1448 630 1490 ab
679 1447 799 1490 initio
837 1446 956 1489 urbis
1003 1446 1159 1489 factum
1207 1457 1279 1490 est.
1346 1447 1406 1490 Cf.
1451 1448 1652 1492 Mionnet.
1686 1459 1712 1491 t.
1740 1451 1772 1501 I,
1807 1465 1847 1508 p.
1870 1450 1982 1501 170,
2016 1465 2079 1491 nr.
2097 1447 2200 1490 665.

455 1508 625 1552 Eckhel.
647 1509 789 1552 Doctr.
811 1509 936 1556 Num.
958 1509 1047 1552 Vet.
1064 1509 1096 1562 l,
1115 1510 1153 1562 1,
1183 1509 1372 1568 p.161.)‚
1401 1527 1524 1569 quem
1551 1511 1771 1571 Sybaritae
1803 1521 1978 1554 stantem
2004 1521 2043 1554 et
2066 1508 2201 1569 respi-

458 1571 631 1615 cientem
646 1571 682 1629 8)
706 1570 768 1614 vel
789 1570 842 1614 ad
863 1570 1069 1613 dexteram
1093 1571 1429 1631 progredientem
1458 1583 1746 1631 expresserunt
1772 1571 1976 1635 (θούριος
1995 1586 2048 1607 =
2069 1570 2201 1633 ὅρμη-

456 1631 591 1681 τικός,
617 1634 750 1676 Tzetz.
778 1633 832 1676 ad
860 1632 1069 1694 Lycophr.
1093 1635 1227 1690 153.).
1299 1633 1363 1675 De
1395 1634 1533 1676 numis
1561 1633 1848 1693 Sybaritarum
1878 1653 1914 1676 v.
1937 1631 2202 1677 VVinckelm.

461 1697 619 1736 Gesclz.
644 1699 686 1737 cI.
710 1698 862 1739 Kunst
893 1705 919 1737 t.
940 1695 1035 1750 HL,
1073 1693 1117 1737 in
1146 1696 1340 1739 siimmtl.
1370 1697 1443 1740 W
1437 1697 1542 1739 erke
1579 1704 1606 1738 t.
1635 1697 1682 1741 V.
1715 1711 1755 1754 p.
1772 1697 1866 1739 202
1891 1712 1950 1755 sq.
1998 1694 2048 1738 cf.
2080 1704 2106 1737 t.
2130 1695 2201 1747 Vl,

597 1817 710 1859 Loco
754 1816 872 1858 urbis
918 1826 1076 1859 mutato
1117 1833 1204 1859 non
1244 1815 1380 1858 statim
1421 1832 1574 1859 nomen
1615 1827 1654 1859 et
1690 1818 1829 1876 ipsum
1877 1828 2081 1861 mutatum
2122 1829 2203 1860 est:

458 1877 503 1919 id
537 1877 653 1937 quod
682 1877 820 1919 innuit
846 1876 984 1920 Pallas
1023 1876 1207 1920 laureata
1250 1877 1296 1919 in
1327 1878 1491 1930 numis,
1536 1878 1688 1937 quibus
1730 1878 1976 1938 inscriptum
2009 1880 2201 1927 ΣΎΒΑ

459 1937 521 1981 vel
553 1941 819 1988 ΣΤΒΑΡΙ.
882 1938 1084 1981 Mionnet.
1117 1939 1202 1991 t.I,
1241 1955 1281 1998 p.
1310 1939 1423 1991 168,
1470 1955 1534 1981 nr.
1557 1941 1659 1982 654.
1717 1939 1985 1999 suppum,
2027 1957 2068 1998 p.
2094 1942 2201 1990 320,

459 2001 648 2045 nn832.
710 2001 854 2059 Neque
886 2011 1023 2043 tamen
1060 2000 1258 2059 temporis
1299 2011 1459 2042 tantum
1495 2000 1809 2053 descenderim,
1850 2012 2053 2059 quantum
2087 2001 2202 2059 jubet

459 2062 625 2106 Eckhel.
658 2062 708 2105 D.
741 2062 790 2105 N.
808 2065 841 2115 Ι,
877 2064 914 2107 1.
943 2079 982 2122 p.
1004 2062 1089 2105 161
1127 2078 1216 2122 sqq.
1282 2060 1411 2119 Quod
1453 2061 1563 2105 idem
1598 2065 1647 2112 V,
1673 2062 1724 2106 D.
1757 2063 1978 2123 proponit,
2021 2062 2203 2125 Sybari-

462 2137 595 2168 tarum
637 2124 858 2169 factionem
902 2125 1040 2169 numis
1074 2123 1273 2168 feriendis
1305 2127 1398 2174 ΣΥ
1430 2124 1664 2180 incudisse,
1708 2125 1990 2187 adscriptitios
2028 2125 2197 2171 colonos

564 2266 603 2317 5)
643 2268 780 2317 Neque
808 2269 1075 2316 probaverim,
1112 2267 1217 2318 quod
1243 2270 1379 2316 Poppo
1409 2269 1524 2305 habet
1554 2271 1729 2318 Thucyd.
1762 2272 1805 2307 P.
1826 2273 1855 2306 Ι.
1882 2271 1994 2307 Τ.Π.
2028 2284 2068 2318 p.
2084 2270 2199 2306 549.:

461 2322 556 2368 Ager
584 2321 787 2357 Thuriorum
813 2322 939 2358 dicitur
962 2317 988 2370 ἦ
1016 2320 1172 2370 Θουριά
1202 2321 1310 2357 Thac.
1337 2320 1404 2366 VI,
1432 2323 1493 2358 61.
1522 2320 1570 2369 cf.
1598 2324 1684 2360 104.
1706 2322 1800 2358 Alibi
1823 2322 1912 2358 idem
1939 2334 2026 2368 ager
2050 2324 2085 2358 in
2108 2321 2201 2358 libris

461 2375 593 2421 scriptis
624 2368 650 2419 ἦ
680 2368 858 2422 Θουριοὶς
884 2372 960 2422 γῆ,
994 2376 1028 2408 in
1052 2374 1303 2420 exemplaribus
1328 2373 1523 2417 vulgaribus
1553 2381 1667 2409 autem
1693 2376 1783 2409 male
1812 2374 2036 2421 Θουριᾶτις
2063 2374 2118 2422 γῆ
2148 2387 2202 2409 oo·

461 2432 562 2462 catur
580 2424 668 2468 VII,
689 2427 751 2459 35.
802 2424 1103 2460 Thuriavmultis
1129 2423 1222 2460 locis
1248 2422 1397 2470 legitur,
1426 2423 1565 2471 quibus
1588 2425 1661 2461 nisi
1682 2424 1728 2461 de
1755 2425 1852 2461 urbe
1874 2424 2032 2472 cogitari
2057 2424 2203 2473 nequit.

576 2492 617 2538 6)
658 2491 711 2529 Ut
744 2485 971 2540 Θουριάται
998 2491 1209 2528 Messeniae
1234 2491 1346 2529 Paus.
1375 2492 1443 2538 IV,
1471 2494 1532 2529 31.
1559 2507 1597 2542 p.
1621 2496 1709 2531 355.
1734 2494 1870 2530 Kuhn.
1910 2501 1947 2531 et
1983 2494 2023 2530 in
2061 2493 2220 2530 numia.-

462 2544 594 2593 Steph.
620 2543 715 2591 Byz.
743 2556 773 2579 s-
789 2558 824 2581 v.
852 2539 1043 2594 Θούριοι·
1080 2543 1145 2583 καὶ
1174 2539 1221 2582 ’τὸ
1254 2540 1425 2583 emundat
1460 2541 1700 2595 Θουριᾶται.
1727 2567 1778 2574 -
1805 2547 1914 2590 τινὲς
1942 2545 1984 2585 δὲ
2013 2544 2200 2584 Θουνίαν

462 2596 528 2634 καὶ
558 2591 803 2642 Θουνιάτης.

568 2644 607 2693 7)
648 2644 780 2682 Fontis
807 2656 946 2683 nomen
985 2644 1233 2696 repetendum
1268 2652 1323 2683 est
1358 2659 1379 2682 a
1403 2645 1531 2682 radice
1561 2649 1720 2696 θορεῖν,
1745 2648 1915 2684 ebullire.
1968 2648 2125 2695 Ignarra
2151 2646 2199 2684 de

463 2698 640 2750 phratriis
670 2711 708 2745 p.
728 2700 791 2733 69.
819 2704 904 2744 apte
931 2707 1126 2747 comparat
1152 2700 1263 2736 Bollo
1290 2699 1602 2747 Neapolitanum.

576 2748 615 2800 8)
656 2749 864 2797 Singularis
905 2758 960 2787 est
1003 2752 1189 2788 sententia
1227 2750 1466 2788 Swinburnii
1503 2748 1560 2800 (p.
1578 2746 1702 2796 294.),
1743 2750 1863 2787 moles
1902 2751 2046 2799 ingenti
2082 2763 2199 2800 opera

461 2803 614 2839 Crathis
641 2803 818 2839 fluctibus
843 2802 1036 2850 oppositas
1063 2805 1185 2850 tauri,
1213 2804 1354 2853 quippe
1385 2803 1488 2853 quod
1511 2805 1557 2840 sit
1580 2803 1729 2840 Crathis
1756 2803 1917 2851 signum,
1947 2805 2067 2853 capite
2095 2811 2198 2841 retro

458 2867 569 2892 verso
599 2867 774 2904 exprinu.
1163 2869 1174 2880 =
