2894 3722
1309 345 1372 391 21

470 478 504 507 s.
534 458 723 505 Homarii
753 476 784 502 s.
812 458 1058 521 Homagyrii
1101 458 1151 503 cf.
1185 458 1422 518 Schweigh.
1456 458 1510 502 ad
1543 457 1584 501 h.
1606 457 1630 500 l.
1662 459 1900 513 Paus.V11‚
1934 463 1976 504 7.
2006 460 2079 504 24.
2113 477 2206 504 cum

469 525 653 584 interpp,
693 521 919 565 Tittmann.
952 538 1026 581 gr.
1059 524 1334 578 Staatsverj.
1372 539 1414 583 p.
1438 522 1541 567 681.
1587 520 1814 565 VVachsm.
1844 525 1944 567 hell.
1971 526 2066 568 All.
2099 523 2130 577 I,
2164 526 2209 577 2,

469 604 511 648 p.
529 587 618 630 321
654 601 717 645 sq.
789 586 837 628 V.
869 584 920 627 D.
959 584 1003 627 in
1040 600 1213 629 censura
1257 583 1376 627 libri:
1417 584 1622 627 Merleker
1655 584 1936 629 Achaicorum
1976 585 2015 628 ll.
2035 587 2119 637 111,
2163 585 2209 629 in

470 649 706 692 Zimmerm.
737 649 955 690 Zeitschr.
978 648 1024 702 f.
1058 650 1099 690 d.
1126 651 1220 692 Alc.
1255 647 1389 698 1837,
1429 646 1633 697 fasc.10,
1674 664 1764 690 nro.
1790 648 1892 700 127,
1933 664 1973 707 p.
1999 648 2119 690 1039
2148 663 2211 706 sq.

469 709 735 755 Achaeorum
769 719 905 751 autem
931 707 1185 767 reipublicae
1212 708 1388 752 formam
1430 719 1517 752 tum
1554 725 1640 751 non
1679 709 1847 768 proprie
1880 709 1933 752 ad
1963 707 2209 768 popularem

469 783 620 817 statum
654 769 904 829 descriptam
931 769 1083 822 fuisse,
1123 769 1198 813 sed
1241 771 1284 813 in
1324 787 1449 814 censu
1481 771 1684 831 positam,
1730 771 1892 829 qualem
1921 787 2061 813 revera
2092 770 2208 830 apud

467 834 632 879 Italicas
665 831 846 876 civitates
875 831 1121 882 invenimus,
1147 832 1415 890 persuadebit
1441 833 1516 876 tibi
1542 832 1623 874 Od.
1644 832 1870 874 Muellerus
1889 833 2010 873 Dorr.
2027 833 2079 881 ll,
2106 833 2206 875 181.

469 895 554 941 Sed
586 893 658 955 qui
690 892 780 936 fieri
807 892 962 952 potuit,
1003 902 1048 936 ut
1086 892 1194 936 inter
1236 893 1327 938 illas
1365 911 1539 953 maguae
1574 893 1774 937 Graeciae
1817 893 1998 937 civitates
2033 893 2206 954 Sybaris

470 956 704 1018 aPolybio
741 965 1046 1007 recenseretur,
1092 972 1197 1014 quae
1245 956 1456 1016 aliquanto
1498 967 1592 999 ante
1629 973 1697 998 eas
1739 956 1881 998 turbas
1923 972 2063 998 eversa
2108 965 2207 1007 erat,

467 1018 645 1064 necdum
679 1016 893 1060 restituta?
943 1016 1021 1060 Vix
1050 1017 1270 1076 quisquam
1311 1029 1474 1077 praeter
1504 1018 1713 1079 Heynium
1756 1029 1794 1060 et
1826 1016 2206 1061 VVachsmuthium

467 1081 576 1123 hanc
606 1077 889 1122 difficultatem
924 1077 1068 1136 tetigit,
1096 1079 1170 1121 sed
1202 1078 1389 1139 plerique
1413 1080 1663 1123 incuriosius
1683 1078 1905 1141 Polybium
1942 1078 2208 1138 exscripsere,

464 1153 511 1185 ut
540 1141 779 1201 nuperrime
811 1142 858 1182 V.
877 1140 929 1181 D.
960 1140 1004 1181 in
1023 1156 1198 1183 censura
1220 1141 1438 1183 Merlekeri
1460 1142 1586 1184 modo
1619 1141 1786 1183 laudata
1804 1158 1842 1199 p.
1862 1143 1990 1182 1035.
2014 1140 2205 1182 VVachs-

464 1203 651 1250 muthius
693 1213 828 1247 autem
858 1199 883 1245 l.
912 1199 939 1246 l.
974 1201 1169 1261 conjecit,
1215 1202 1269 1248 Sc
1301 1201 1450 1248 llaceos
1489 1202 1560 1247 illo
1600 1201 1692 1247 loco
1724 1220 1802 1263 pro
1839 1201 2044 1264 Sybaritis
2079 1219 2202 1262 repo-

465 1266 627 1309 nendos
659 1280 760 1315 esse,
791 1279 1054 1323 nequaquam
1087 1222 1325 1324 probabilia
1356 1282 1453 1309 nam
1477 1264 1646 1308 difficile
1672 1276 1732 1308 est
1754 1265 1808 1307 ad
1830 1265 2067 1317 dicendum,
2100 1280 2205 1325 quo-

466 1328 593 1372 modo
621 1344 689 1370 eas
717 1324 842 1368 urbes
871 1326 1106 1369 confuderit
1138 1327 1356 1370 librarius:
1388 1327 1630 1387 Scylletium
1658 1344 1688 1370 s.
1709 1327 1955 1388 Scylaceum
1988 1344 2205 1384 nunquam

464 1404 659 1448 magnam
692 1396 858 1431 nactum
903 1396 964 1430 est
992 1386 1255 1446 dignitatem,
1301 1405 1348 1432 ac
1394 1387 1639 1449 plerumque
1674 1388 2008 1432 Crotoniatarum
2034 1387 2203 1432 ditionis

464 1452 609 1503 fuerit,
643 1450 822 1509 denique
854 1449 970 1508 quod
997 1450 1141 1492 ceteris
1170 1451 1434 1510 potissimum
1465 1451 1509 1492 in
1538 1468 1662 1494 causa
1694 1452 1794 1503 fuit,
1834 1468 1907 1494 cur
1939 1452 2202 1493 Achaeorum

463 1514 650 1558 instituta
674 1521 920 1572 expeterent,
946 1511 1148 1570 originem
1183 1512 1277 1556 dico
1298 1512 1539 1569 Achaicam,
1568 1513 1610 1555 in
1633 1512 1868 1574 Scyllaceos
1896 1531 1980 1557 non
2014 1513 2204 1572 quadrat.

462 1578 607 1636 Itaque
632 1574 741 1617 hanc
774 1573 1054 1633 conjecturam
1086 1574 1254 1617 missam
1286 1574 1501 1619 faciamus.
1563 1575 1750 1633 Heynius
1781 1575 1938 1634 Opusc.
1959 1577 2013 1627 Π,
2049 1574 2138 1617 140
2167 1584 2205 1618 et

467 1639 567 1683 189.
601 1654 648 1680 eo
677 1636 833 1689 nititur,
866 1635 980 1694 quod
1045 1635 1291 1695 liquanto
1323 1648 1446 1696 post
1475 1636 1619 1678 turbas
1649 1637 1884 1679 Italicarum
1914 1636 2120 1679 civitatum
2150 1637 2202 1679 ab

463 1700 731 1744 Achaeorum
766 1697 910 1755 legatis
956 1652 1123 1756 paintas
1157 1697 1325 1754 eaedem
1358 1698 1539 1742 civitates
1572 1714 1702 1758 remp,
1729 1698 1992 1742 Achaeorum
2022 1699 2204 1742 imitatae

464 1778 552 1805 esse
583 1761 781 1803 dicuntur
809 1758 922 1818 apud
955 1758 1196 1820 Polybium,
1231 1770 1268 1802 et
1298 1759 1377 1803 hoc
1403 1759 1610 1819 posterius
1640 1760 1767 1803 refert
1795 1760 1848 1803 ad
1882 1760 2039 1820 primos
2071 1777 2203 1803 annos

464 1823 649 1868 coloniae
674 1820 844 1864 Thuriis
877 1820 1081 1872 conditae,
1113 1820 1164 1863 de
1195 1838 1278 1880 quo
1311 1833 1496 1881 tempore
1529 1820 1631 1864 haec
1658 1822 1874 1865 Diodorus
1893 1825 1988 1874 XII,
2015 1823 2093 1865 11:
2119 1822 2202 1871 καὶ

461 1884 570 1947 πρὸς
609 1883 715 1933 τούς
756 1879 1089 1944 Κροτωνιάτας
1127 1882 1294 1943 φιλίαν
1336 1882 1609 1941 συν-θέμενοι
1654 1886 1817 1933 καλῶς
1863 1881 2203 1932 ἐπολιτεύοντο.

464 1945 594 2006 Quod
626 1943 849 2006 quominus
883 1942 1191 2004 amplectamur,
1223 1944 1427 2005 permulta
1452 1961 1529 1988 nos
1550 1944 1768 1995 deterrent,
1828 1946 2018 2005 Namque
2049 1945 2202 1988 mirum

464 2026 563 2053 sane
598 2018 723 2059 esset,
764 2006 798 2048 si
831 2006 1045 2049 Diodorus
1080 2006 1164 2049 sive
1203 2007 1356 2065 quibus
1401 2007 1531 2051 utitur
1563 2020 1775 2061 auctores,
1819 2007 1870 2050 de
1898 2008 2065 2050 soedere
2095 2008 2202 2050 inter

463 2070 668 2116 Achaicas
695 2082 870 2126 magnae
910 2066 1108 2110 Graeciae
1152 2066 1333 2111 civitates
1370 2067 1451 2113 icto
1496 2079 1535 2112 et
1561 2069 1756 2113 Achaicis
1798 2069 1962 2127 legibus
1997 2068 2203 2130 adoptatis

466 2134 704 2191 cogitasset,
741 2145 868 2189 quum
900 2128 1005 2171 illud
1036 2129 1236 2173 scriberet
1265 2129 1375 2193 πρός
1405 2130 1510 2180 τούς
1543 2129 1877 2193 Κροτωνιάτας
1906 2131 2075 2194 φιλίαν
2102 2149 2203 2179 συν-

464 2195 676 2252 &fiae-2¹01:
705 2208 839 2251 neque
869 2208 1044 2250 usquam
1072 2191 1124 2235 ab
1152 2209 1200 2235 eo
1233 2192 1331 2235 inde
1361 2203 1568 2252 tempore,
1600 2210 1683 2252 quo
1715 2193 1871 2236 Thurii
1902 2193 2056 2236 conditi
2089 2203 2200 2245 sunt,

467 2265 690 2300 conventus
731 2252 988 2296 Italiotarum
1036 2252 1091 2296 ad
1129 2253 1328 2313 templum
1365 2255 1480 2298 Jovis
1512 2254 1702 2298 Homorii
1732 2255 1981 2297 mentionem
2014 2252 2103 2297 fieri
2133 2254 2201 2297 in-

466 2318 673 2361 venimus:
718 2314 869 2357 deinde
911 2317 1151 2373 conjectura
1196 2316 1257 2359 He
1320 2315 1348 2359 ii
1389 2315 1599 2360 conciliari
1639 2317 1781 2375 nequit
1824 2332 1916 2359 cum
1959 2315 2200 2359 narratione

466 2379 535 2422 illa
563 2377 809 2429 certissima,
852 2376 1034 2419 Thurios
1069 2333 1317 2420 Charondziz
1351 2378 1544 2421 Catanaei
1578 2377 1738 2435 legibus
1768 2394 1867 2420 usos
1901 2378 2051 2420 fuisse:
2094 2379 2204 2420 inter

465 2440 600 2484 tribus
631 2437 884 2483 Thuriorum
915 2438 1123 2482 invenitur
1153 2439 1321 2499 quidem
1346 2439 1523 2492 Achais,
1569 2439 1644 2483 sed
1674 2439 1900 2483 certissime
1930 2438 2088 2484 Achaei
2117 2439 2201 2483 exi-

468 2518 591 2561 guam
623 2512 782 2544 tantum
814 2516 942 2544 novae
975 2500 1147 2544 civitatis
1179 2511 1337 2561 partem
1365 2500 1682 2554 constituebant,
1711 2501 1956 2561 praesertim
1995 2511 2089 2562 post
2119 2501 2200 2563 Sy-

465 2563 622 2608 baritas
661 2562 877 2620 expulsos,
918 2579 1095 2622 quorum
1137 2562 1236 2621 fuga
1274 2573 1373 2606 teste
1404 2563 1595 2606 Diodoro
1637 2564 1785 2606 foedus
1828 2581 1921 2607 cum
1951 2563 2200 2606 Crotoniatis

466 2635 630 2688 pactum
660 2623 875 2669 antecedit.
938 2623 1187 2684 Quaerimus
1219 2624 1358 2684 igitur,
1389 2624 1503 2670 unde
1534 2624 1701 2688 Polybii
1733 2643 1850 2670 error
1880 2624 2117 2678 manaverit,
2147 2623 2200 2669 de

467 2706 549 2750 quo
581 2704 668 2731 non
701 2686 773 2729 diu
806 2685 989 2730 dubitari
1031 2698 1176 2748 potest.
1237 2688 1400 2731 Etenim
1439 2688 1624 2732 exstabat
1668 2688 1754 2732 fere
1793 2689 1978 2731 onmium
2020 2703 2199 2746 magnae

469 2750 669 2795 Graeciae
710 2748 916 2793 civitatum
959 2749 1107 2793 foedus
1147 2750 1463 2810 perantiquum,
1507 2767 1683 2809 quarum
1727 2761 1952 2793 conventus
1993 2749 2197 2793 solemnes

467 2811 783 2857 celebrabantur
822 2808 876 2853 ad
919 2810 1117 2871 templum
1152 2811 1331 2856 Junonis
1370 2811 1577 2857 Laciniae.
1640 2810 1735 2856 Ath.
1753 2812 1857 2866 XII,
1888 2811 2000 2865 541,
2033 2829 2070 2856 a.
2102 2811 2195 2855 Mir.

469 2892 579 2921 ausc.
614 2892 646 2918 c.
664 2874 736 2918 99.
768 2872 856 2916 Liv.
873 2873 1023 2925 XXIV,
1057 2877 1097 2916 3.
1169 2874 1522 2931 Magnificentiam
1563 2875 1652 2932 ejus
1687 2874 1828 2934 templi
1868 2873 2063 2918 laudibus
2101 2872 2196 2916 illu-
