2933 3792
1334 366 1398 413 41

497 482 693 529 custodes
726 480 908 541 primum
952 479 1160 526 obstitisse
1192 480 1550 536 adolescentibus,
1590 482 1663 544 qui
1702 482 1804 543 legis
1846 483 1899 528 de
1931 493 2128 544 praetura
2161 484 2243 528 nisi

492 544 591 608 post
635 543 825 605 quintum
871 561 1027 589 annum
1071 561 1158 588 non
1205 544 1433 605 repetenda
1477 544 1746 605 abrogandae
1794 555 1988 592 conatum
2032 545 2243 592 facerent:

493 606 648 652 deinde
688 621 785 651 vero
816 606 867 651 iis
903 605 1175 661 satisfecisse,
1213 617 1456 667 sperantes,
1486 606 1601 660 fore,
1643 619 1689 652 ut
1721 609 1756 654 si
1788 608 1894 653 illud
1926 608 2240 664 concederetur,

492 667 791 731 rempublicam
831 687 918 714 non
965 668 1144 729 amplius
1186 669 1427 723 turbarent,
1464 686 1572 730 quae
1612 685 1708 729 spes
1753 687 1824 715 eos
1861 670 2018 716 fefellit.
2089 674 2237 733 Itaque

491 749 578 776 non
607 733 745 792 inepte
776 741 989 776 senatores
1018 747 1088 774 eos
1112 731 1277 775 dixeris.
1314 732 1513 791 Magnam
1535 731 1585 775 iis
1615 731 1744 776 fuisse
1772 733 2069 787 auctoritatem,
2101 735 2238 795 conji-

491 811 582 839 cere
624 793 719 839 licet
753 811 802 839 ex
835 792 926 852 lege
959 792 1206 837 Charondae
1250 809 1316 855 ap.
1344 794 1469 839 Diod.
1499 796 1595 847 ΧΠ,
1630 796 1725 838 12.;
1774 811 1868 847 eos,
1908 796 1981 855 qui
2016 812 2237 841 novercam

489 856 631 901 liberis
664 854 1077 919 superinduxissent,
1115 854 1183 915 μῆ
1213 855 1508 916 συμβούλους
1546 856 1772 916 «γίνεσθαι
1805 860 1868 917 τῇ
1905 852 2120 920 πατρίδις
2162 876 2237 903 ne-

488 936 569 979 que
602 918 713 963 enim
749 918 839 962 fieri
873 934 1020 978 posse,
1057 927 1104 962 ut
1134 917 1294 979 patriae
1325 918 1432 964 bene
1463 918 1690 973 suadeant,
1722 918 1794 979 qui
1825 918 1968 964 liberis
1999 917 2105 963 male
2136 936 2239 965 con-

487 980 724 1026 suluissent.
786 982 1081 1025 Verumtamen
1104 980 1320 1035 audacius,
1351 998 1475 1043 quam
1500 981 1545 1024 hi
1572 980 1653 1025 loci
1674 981 1930 1042 permittunt,
1959 981 2129 1027 videtur
2150 993 2237 1026 sta-

488 1053 604 1088 tuere
638 1043 907 1088 Kortuemius
938 1043 963 1087 l.
985 1043 1011 1088 l.
1037 1061 1078 1104 p.
1103 1044 1231 1089 151.:
1271 1046 1366 1088 Die
1391 1047 1830 1103 Staatsverwaltang
1861 1061 1958 1089 war
1994 1046 2238 1102 eigentliclz

485 1107 557 1151 bei
599 1108 688 1150 den
720 1107 1086 1160 Mitberathern‚
1124 1107 1310 1162 welche,
1350 1122 1437 1150 aas
1468 1109 1557 1150 den
1591 1108 1833 1150 Reiclzsten
1867 1108 2082 1162 erwc'ilzlt,
2124 1108 2239 1151 tiber

481 1171 786 1228 gemeinsame
816 1171 1138 1229 Gegenstc'incle
1168 1170 1442 1214 Besclzltisse
1464 1170 1677 1228 fas-seen,
1710 1170 1784 1212 die
1814 1168 2024 1213 darnaclz
2050 1169 2237 1213 sokein-

485 1233 571 1275 bar
590 1233 640 1291 (3)
665 1250 751 1277 von
781 1235 863 1276 dee·
890 1234 942 1276 V
937 1234 1372 1290 olksversammlung
1405 1232 1621 1290 bestiitigt
1648 1234 1848 1275 wurden.
1895 1231 2053 1275 Dabei
2077 1232 2236 1276 wach—

486 1300 560 1336 ten
596 1296 661 1336 sie
691 1294 801 1336 iiber
823 1295 1249 1351 Aafi·eclzthaltung
1276 1296 1359 1336 der
1382 1294 1749 1351 Grundgesetze,
1780 1295 1878 1336 and
1903 1294 2098 1349 durften
2121 1295 2237 1353 jede

486 1356 790 1413 Verletzung,
826 1354 988 1397 mithin
1016 1356 1131 1412 jede
1172 1354 1533 1396 demokratische
1566 1354 2008 1410 Lebensthiitigkeit,
2051 1363 2236 1413 stt-enge

482 1414 679 1458 ahnden.
740 1414 1014 1457 Accuratiora
1042 1413 1093 1456 de
1124 1413 1190 1456 his
1222 1413 1487 1465 consulibus,
1520 1424 1566 1456 ut
1602 1412 1657 1457 ita
1692 1424 1869 1466 vertam,
1910 1424 2120 1474 comperta
2147 1433 2233 1459 non

482 1475 714 1518 habemus:
767 1491 911 1517 verum
948 1474 1055 1517 nihil
1099 1474 1243 1532 utique
1284 1491 1362 1518 nos
1406 1474 1541 1532 cogit,
1585 1485 1632 1518 ut
1677 1474 1935 1533 oligarchico
1979 1476 2233 1536 reipublicae

481 1536 605 1581 statui
635 1535 841 1595 originem
869 1551 987 1578 suam
1014 1534 1107 1579 illos
1135 1534 1329 1579 debuisse
1361 1552 1615 1580 censeamus.
1681 1536 1777 1581 Sive
1808 1553 1878 1580 eos
1906 1553 2001 1579 cum
2030 1536 2234 1601 προβού.

481 1601 603 1652 λοις,
632 1598 716 1642 sive
748 1594 1040 1661 νομοφύλαξι
1068 1598 1318 1642 contendere
1348 1598 1638 1651 maluerimus,
1670 1598 1785 1642 haud
1812 1597 1989 1643 multum
2021 1599 2121 1645 inde
2139 1599 2232 1645 effi-

482 1661 614 1704 cietur
652 1660 708 1703 ad
746 1660 950 1703 rationem
990 1659 1117 1719 hujus
1151 1659 1420 1719 magistratus
1457 1661 1611 1704 rectius
1651 1660 1996 1704 constituendam.

603 1757 774 1799 Praeter
815 1752 1112 1813 συμβούλους
1146 1755 1421 1799 nominantur
1460 1753 1723 1818 στρατηγοί
1751 1753 1943 1812 (Aristot.
1965 1755 1992 1800 l.
2013 1754 2080 1813 l.):
2123 1773 2231 1817 quos

479 1816 601 1861 etiam
637 1817 682 1861 in
721 1816 811 1861 aliis
844 1816 1078 1861 civitatibus
1113 1816 1168 1860 ad
1199 1815 1445 1888 popularem
1485 1826 1637 1860 statum
1681 1816 1954 1861 conformatis
1986 1818 2231 1863 auctoritate

479 1878 596 1922 haud
627 1879 775 1937 exigua
811 1896 911 1923 usos
942 1879 1072 1922 fuisse
1108 1895 1356 1938 acceplmus.
1403 1877 1466 1921 Cf.
1490 1878 1720 1922 Wachsm.
1738 1881 1771 1930 I,
1795 1881 1839 1931 2,
1864 1895 1905 1938 p.
1921 1878 1991 1922 14.
2057 1880 2228 1924 Thuriis

479 1941 638 2001 populo
671 1950 854 2000 potestas
888 1951 976 1984 erat
1006 1957 1078 1984 eos
1112 1939 1316 1999 eligendi:
1360 1938 1413 1982 de
1445 1938 1557 1997 lege,
1598 1957 1703 1999 quae
1734 1950 1972 1999 praeturam
2005 1940 2234 1987 militaremx

478 2003 587 2047 intra
621 2002 812 2063 quintum
847 2019 1003 2046 annum
1037 2000 1170 2045 eidem
1206 2000 1361 2045 deferri
1392 2001 1539 2054 vetuit,
1584 2001 1666 2060 jam
1698 2002 1891 2044 vidimus.
1963 2003 2027 2045 De
2055 2003 2229 2063 reliquis

479 2066 516 2107 T
520 2065 741 2114 huriorum
767 2064 1077 2122 magistratibus
1109 2062 1168 2120 (οἱ
1198 2060 1447 2128 ἄρχοντες,
1475 2061 1516 2110 οἱ
1540 2066 1591 2112 ἐν
1616 2066 1709 2112 τοῖς
1737 2061 2015 2127 πράγμασιν
2038 2064 2231 2123 Aristot.)

479 2127 585 2171 nihil
622 2126 745 2171 nobis
777 2125 976 2170 traditum
1009 2135 1081 2170 est.

602 2210 853 2256 Accedimus
884 2211 969 2272 jam
997 2210 1052 2256 ad
1084 2210 1250 2256 comitia
1275 2208 1434 2271 populi.
1495 2208 1564 2253 Ab
1601 2208 1720 2253 initio
1762 2209 1935 2254 civitatis
1969 2210 2226 2257 Thuriorum

480 2274 725 2319 constitutae
766 2274 882 2317 haud
915 2274 1043 2318 dubie
1086 2273 1308 2334 imperium
1340 2288 1467 2334 penes
1509 2272 1712 2333 populum
1746 2283 1856 2315 erat:
1896 2283 2019 2332 atque
2051 2274 2227 2330 etiamsi,

479 2337 539 2379 uti
571 2337 774 2387 vidimus,
812 2337 966 2379 sensim
1006 2352 1237 2396 paucorum
1272 2335 1495 2379 auctoritas
1534 2334 1659 2379 nimis
1696 2344 1919 2387 cresceret,
1960 2344 2097 2380 tamen
2135 2354 2223 2383 non

480 2397 675 2442 omnibus
727 2397 918 2456 juribus,
969 2408 1017 2441 ut
1063 2397 1331 2442 Kortuemius
1372 2395 1460 2440 vult
1502 2394 1528 2439 l.
1560 2412 1618 2449 c.,
1668 2394 1863 2438 destituta
1907 2405 2005 2439 sunt
2045 2399 2226 2445 comitia.

479 2458 666 2520 Populus
704 2469 915 2520 praetores
945 2458 1147 2519 eligebat,
1189 2459 1235 2503 id
1267 2458 1383 2519 quod
1415 2474 1463 2501 ex
1494 2456 1729 2500 Aristotelis
1768 2455 1862 2502 loco
1897 2458 2066 2517 saepius
2098 2460 2223 2505 nobis

477 2521 646 2566 laudato
681 2523 962 2581 cognovimus.
1010 2522 1227 2566 Praeterea
1259 2521 1304 2564 in
1336 2519 1474 2580 legum
1508 2518 1667 2580 aliquot
1697 2518 1812 2579 apud
1839 2518 2076 2564 Diodorum
2104 2539 2222 2566 men-

477 2585 589 2629 tione
632 2582 788 2637 elucet,
843 2586 910 2646 jus
951 2583 1089 2645 legum
1134 2582 1401 2629 ferendarum
1456 2581 1795 2641 abrogandamm
1842 2598 1970 2642 penes
2015 2583 2221 2645 populum

478 2646 625 2691 fuisse:
666 2656 754 2689 tum
788 2647 840 2690 de
872 2648 960 2700 his,
987 2658 1075 2692 tum
1107 2647 1160 2692 de
1191 2646 1302 2705 lege,
1334 2661 1440 2706 quae
1465 2645 1592 2689 vetuit
1624 2644 1789 2689 comitia
1823 2661 1916 2689 cum
1941 2645 2068 2690 armis
2098 2647 2222 2703 adiri,

476 2708 586 2752 infra
615 2707 861 2751 videbimus.
927 2710 1102 2753 Comitia
1134 2708 1203 2753 illa
1235 2707 1350 2769 quod
1380 2707 1589 2751 interdum
1622 2704 1644 2755 ὅ
1680 2702 1812 2765 δῆμος
1842 2706 1989 2763 (Diod.
2018 2709 2116 2762 XII,
2148 2711 2223 2756 17.

479 2772 570 2830 18.)
605 2769 667 2814 vel
698 2770 763 2819 τοὶ
790 2767 970 2828 πλήθη
1001 2772 1056 2826 (c.
1079 2773 1167 2828 17.)
1198 2779 1514 2831 nuncupantur,
1552 2778 1591 2812 et
1620 2767 1758 2828 ipsum
1786 2767 2032 2828 popularem
2067 2781 2219 2817 statum

477 2832 624 2891 arguit.
701 2833 750 2876 In
790 2832 966 2877 comitiis
1008 2850 1064 2893 po
1097 2833 1191 2878 ulus
1237 2832 1353 2877 haud
1394 2831 1521 2876 dubie
1563 2830 1751 2875 tributim
1791 2830 1997 2890 suffragia
2038 2831 2217 2878 serebat:

475 2894 631 2938 fuerint
660 2893 753 2938 illae
788 2896 924 2939 tribus
957 2851 1128 2955 gentiles
1158 2896 1408 2954 eaedemque
1439 2892 1614 2945 locales,
1663 2891 1779 2952 quod
1808 2892 1853 2936 in
1882 2911 1990 2937 nova
2017 2895 2121 2939 urbe
2151 2895 2215 2939 fa-

1705 2970 1734 3010 6

2902 930 2911 1085 .-Μ-*σαο-
2905 845 2912 919 --.
2915 771 2920 788 q

2903 1877 2911 1977 .-—-·-
2901 1795 2909 1870 ¹⁴-—
