2987 3696
1341 323 1411 370 45

505 441 608 485 divit
635 438 825 510 Heynius
853 438 1007 498 p.152
1037 454 1126 509 sqq.
1138 470 1150 491 ,
1187 454 1235 481 ex
1267 437 1387 507 cujus
1421 436 1692 497 explicatione
1731 437 1799 481 hic
1838 454 1985 481 sensus
2029 436 2250 480 v·erb01um

503 514 586 547 est.
626 500 803 545 Thuriis
841 499 945 544 nulli
986 500 1159 544 omnino
1201 499 1395 544 emtionis
1438 499 1688 543 venditionis
1722 499 1927 544 solemnes
1957 500 2061 543 ritus
2094 499 2137 543 in
2174 514 2251 541 usu

503 574 644 615 erant,
675 580 753 608 nec
785 565 826 607 in
861 564 954 606 soro
986 578 1076 605 eam
1109 579 1196 605 rem
1230 578 1374 620 gerere
1404 561 1614 613 solebant,
1652 562 1726 605 sed
1759 573 1955 605 emtorem
1991 574 2028 606 et
2060 561 2252 605 vendito·

501 643 588 671 rem
632 626 842 697 jusserunt
871 641 1046 685 parvum
1079 641 1252 668 numum
1287 623 1388 667 dare
1425 622 1567 668 tribus
1592 622 1759 675 vicinis,
1800 635 1847 668 ut
1878 624 1988 686 pacti
2022 635 2127 669 esset
2164 640 2251 667 me-

500 688 633 733 moria
661 707 709 734 ac
741 686 1035 733 testimonium.
1098 687 1159 729 Ita
1186 702 1355 730 necesse
1388 697 1486 739 erat,
1516 697 1562 730 ut
1594 685 1653 730 illi
1681 685 1875 746 quidem,
1917 688 1988 746 qui
2010 688 2250 758 pactionem

500 751 709 805 fecerant,
744 749 1014 808 magistratus
1047 747 1251 792 haberent
1282 748 1480 820 praedes,
1521 748 1574 792 ab
1609 748 1674 790 his
1699 758 1834 791 autem
1868 748 1948 808 ipsi
1981 749 2106 793 vicini
2137 759 2251 791 tene-

502 825 660 866 rentur,
694 812 729 856 si
763 823 896 855 emtor
926 828 1013 854 rem
1046 827 1133 854 non
1163 811 1400 870 accepisset,
1434 821 1504 854 aut
1535 828 1621 854 rem
1646 810 1835 854 traditam
1864 821 2020 870 peteret
2041 821 2248 868 tamquam

500 893 587 919 non
616 874 837 926 traditam,
883 883 953 916 aut
987 883 1200 933 acceptam
1235 889 1323 917 esse
1355 883 1538 931 negaret.
1602 872 1724 930 Quae
1757 872 1908 916 deinde
1946 871 2071 915 habet
2113 871 2252 914 Theo-

499 936 723 998 phrastus,
771 952 963 997 perveisa
1004 934 1059 979 ad
1087 934 1345 980 Thuriorum
1388 935 1499 995 leges
1544 934 1683 979 retulit
1715 934 2078 979 Sainte-Croix
2067 951 2109 977 m
2143 935 2251 978 Me'-

500 1003 668 1042 moires
703 1001 759 1041 cle
792 999 974 1042 lQAcad
999 1001 1042 1040 cl.
1066 1001 1109 1042 J.
1142 1007 1171 1041 t.
1186 999 1316 1042 XLII.
1360 1022 1422 1031 —-
1470 997 1584 1040 Infra
1620 998 1720 1041 haec
1761 998 1880 1041 addit
1915 996 2249 1055 Theophrastus,

498 1059 756 1104 Thuriorum
790 1059 901 1119 leges
933 1076 1062 1119 porro
1095 1058 1294 1120 jussisse,
1323 1058 1488 1103 arrham
1520 1059 1762 1112 confestim,
1793 1059 1971 1120 pretium
2006 1058 2150 1102 eodem
2182 1056 2250 1099 die

497 1123 823 1183 repraesentari:
856 1132 978 1183 atque
998 1132 1222 1195 ‘emtorem,
1249 1123 1284 1167 si
1317 1122 1397 1166 hoc
1424 1122 1578 1167 factum
1610 1140 1696 1166 non
1718 1133 1835 1177 esset,
1863 1121 2038 1183 perdere
2060 1120 2249 1164 arrham:

498 1185 755 1229 venditorem
792 1197 942 1238 autem,
974 1185 1009 1228 si
1035 1185 1079 1227 in
1112 1197 1235 1246 pacto
1263 1203 1349 1228 non
1381 1196 1588 1238 maneret,
1620 1196 1781 1228 tantum
1812 1184 2068 1247 persolvere,
2101 1181 2248 1243 quanti

499 1264 566 1290 res
608 1247 775 1290 vendita
814 1257 933 1290 esset.
993 1248 1090 1304 Ipse
1130 1247 1447 1306 Theophrastus
1482 1247 1591 1291 hanc
1626 1264 1805 1306 poenam
1852 1245 2114 1305 inaequalem
2161 1259 2251 1288 esse

498 1308 715 1362 observat,
756 1325 886 1368 quum
924 1323 991 1351 res
1033 1306 1199 1352 vendita
1242 1307 1408 1352 arrham
1448 1308 1583 1367 pretio
1627 1307 1808 1352 excedat.
1869 1308 1984 1350 Haec
2021 1307 2105 1350 sere
2153 1314 2252 1349 sunt

498 1387 604 1429 quae
639 1370 690 1411 de
721 1370 813 1428 jure
846 1369 1102 1410 Thuriorum
1136 1369 1286 1411 tradita
1321 1369 1546 1413 habemus:
1588 1386 1696 1429 quae
1733 1368 2000 1429 disciplinam
2035 1367 2247 1428 publicam

495 1431 671 1474 attinent
699 1429 835 1487 leges,
878 1429 987 1473 infra
1022 1430 1473 1474 commemorabuntur.

622 1491 820 1534 Secundo
861 1490 955 1533 loeo
999 1491 1187 1550 quaestio
1234 1509 1312 1535 nos
1353 1492 1503 1553 excipit
1544 1492 1597 1535 de
1640 1503 1772 1536 aetate
1815 1491 2086 1543 Charondae,
2133 1489 2247 1532 unde

495 1551 695 1606 elucebit,
737 1570 839 1596 num
870 1552 960 1613 ipse
992 1551 1103 1611 leges
1135 1553 1227 1598 illas
1259 1554 1431 1598 Thuriis
1464 1555 1686 1615 scripserit
1749 1553 1818 1598 Ad
1851 1564 2022 1598 aetatem
2058 1552 2249 1598 Charon-

495 1615 573 1658 dae
606 1615 906 1675 expediendam
952 1615 1133 1674 primum
1167 1616 1248 1659 hoc
1279 1616 1531 1676 permultum
1568 1617 1689 1671 facit,
1726 1616 1841 1675 quod
1876 1616 2079 1669 Zaleuco,
2123 1631 2245 1676 quem

494 1694 527 1720 c.
557 1676 625 1720 Ol.
648 1678 802 1720 XXIX.
834 1677 1024 1720 ssoruisse
1066 1678 1188 1721 docet
1216 1678 1446 1730 Eusebius,
1492 1678 1734 1738 saepissime
1777 1678 2049 1737 subjungitur
2081 1688 2119 1720 et
2152 1694 2246 1720 cum

492 1755 540 1782 eo
582 1739 691 1783 inter
726 1738 1038 1798 antiquissimos
1084 1738 1223 1798 legum
1265 1740 1502 1784 conditores
1543 1750 1795 1786 recensetur.
1868 1740 2159 1784 Theodoretus
2198 1737 2249 1781 de

492 1816 579 1844 cur.
608 1801 680 1844 aff.
704 1801 779 1848 Gr.
798 1802 872 1853 ΙΧ
894 1801 996 1845 608.
1017 1817 1049 1844 c.
1088 1817 1182 1845 eum
1214 1802 1398 1861 primum
1435 1801 1548 1845 Italis
1591 1812 1629 1844 et
1658 1800 1810 1844 Siculis
1847 1800 1959 1860 leges
2003 1801 2147 1845 tulisse
2181 1801 2248 1843 ait.

493 1861 624 1920 Quod
655 1880 908 1923 quamquam
941 1862 1128 1906 omnium
1173 1881 1315 1907 eorum
1358 1863 1571 1907 sententiis
1608 1862 1865 1923 refragatur,
1912 1863 1985 1924 qui
2019 1862 2243 1907 Zaleucum

494 1925 719 1968 Charonda
752 1925 912 1968 faciunt
942 1925 1148 1985 priorem,
1192 1926 1237 1968 id
1264 1926 1380 1985 quod
1417 1926 1560 1986 utique
1592 1926 1727 1969 verius
1754 1926 1918 1969 videtur
1948 1943 2060 1977 esse,
2105 1936 2243 1969 tamen

491 1986 574 2031 hoc
611 1986 709 2031 inde
745 1985 948 2038 efficitur,
990 1986 1043 2029 ab
1080 1986 1184 2046 ipsis
1227 1987 1460 2040 veteribus,
1501 2005 1593 2030 cum
1630 1987 1683 2031 de
1716 1998 1846 2031 aetate
1878 1986 2126 2030 Charondae
2159 2004 2244 2029 non

493 2059 605 2092 certo
645 2058 873 2100 constaret,
915 2063 1004 2091 eam
1035 2047 1090 2091 ad
1122 2048 1420 2092 Graecarum
1408 2066 1452 2092 ln
1482 2049 1599 2092 Italia
1638 2059 1677 2092 et
1705 2049 1847 2093 Sicilia
1882 2050 2093 2093 civitatum
2126 2049 2246 2092 incu-

491 2108 645 2154 nabula
679 2120 897 2153 retractam
932 2126 1031 2153 esse.
1094 2109 1157 2153 Ex
1190 2109 1282 2154 loco
1315 2121 1508 2171 suspecto
1540 2110 1775 2154 Aristotelis
1806 2110 1895 2154 Pol.
1921 2113 1972 2164 ΙΙ,
2004 2113 2073 2156 10.
2114 2110 2245 2156 Schn.

491 2188 532 2231 p.
559 2173 630 2216 67.
657 2171 807 2216 Goettl.
845 2171 1057 2225 videmus,
1110 2189 1135 2215 a
1186 2172 1401 2217 nonnullis
1450 2172 1718 2216 Charondam
1754 2172 1921 2216 Zaleuci
1972 2171 2247 2231 discipulum,

492 2233 605 2277 hune
638 2243 677 2277 et
708 2234 948 2297 Lycurgum
981 2232 1166 2277 Thaletis
1192 2251 1225 2279 s.
1249 2236 1387 2296 potius
1420 2234 1641 2287 Thaletae‚
1677 2235 1789 2278 hunc
1820 2234 2081 2278 Onomacriti
2123 2234 2244 2277 audi·

492 2307 622 2339 toiem
666 2297 853 2340 habitum
897 2313 998 2342 esse.
1079 2297 1208 2354 Quod
1252 2299 1303 2341 de
1344 2309 1577 2357 temporum
1630 2297 1863 2340 rationibus
1910 2296 2097 2341 confusis
2141 2296 2245 2340 dicit

493 2367 660 2412 auctor,
701 2357 756 2402 ad
785 2356 1052 2401 Charondam
1094 2374 1178 2402 non
1208 2358 1407 2420 peitinet:
1460 2374 1581 2420 quem
1626 2358 1716 2420 ipse
1756 2357 1884 2420 paulo
1926 2368 2020 2402 ante
2062 2357 2242 2402 Zaleuco

492 2420 725 2477 subjungit.
787 2420 863 2462 lllo
891 2420 983 2462 loco
1012 2421 1277 2463 Charondam
1311 2422 1412 2463 dicit
1439 2422 1706 2471 Catanaeum‚
1735 2422 1807 2479 qui
1836 2432 1922 2463 tum
1952 2422 2040 2464 suis
2067 2422 2242 2472 civibus,

491 2491 578 2526 tum
612 2480 758 2527 ceteris
786 2499 864 2543 per
883 2480 1042 2527 ltaliam
1072 2492 1112 2527 et
1134 2481 1318 2528 Siciliam
1347 2481 1580 2528 civitatibus
1607 2480 1870 2528 Chalcidicae
1898 2481 2072 2544 originis
2102 2480 2242 2541 legum

492 2543 686 2585 conditor
733 2545 942 2587 exstiterit.
1026 2545 1153 2602 Quod
1197 2545 1466 2588 confirmatur
1509 2545 1744 2587 Heraclidis
1797 2546 1961 2588 Pontici
2004 2546 2240 2601 fragmento

490 2608 622 2658 XXV,
653 2623 695 2665 p.
712 2607 785 2649 26.
814 2606 975 2650 Koeler.
992 2643 1002 2658 ‚
1033 2607 1263 2652 secundum
1296 2627 1417 2668 quem
1447 2608 1628 2666 Rhegini
1664 2606 1958 2652 Chalcidenses
1988 2606 2239 2652 Charzondte

495 2640 688 2713 Catariaei
718 2667 880 2726 legibus
911 2669 1136 2715 utebantur
1154 2672 1206 2731 2).
1270 2671 1391 2729 Quae
1422 2670 1651 2715 Heraclidis
1679 2669 1802 2714 verba
1831 2687 1959 2731 quum
1996 2670 2245 2715 antecedant

594 2816 636 2862 2)
672 2818 837 2853 Auctore
865 2816 1023 2853 Aeliano
1054 2819 1102 2854 V.
1119 2819 1170 2854 H.
1187 2819 1253 2864 111,
1280 2823 1340 2856 17.
1377 2818 1600 2855 Charondae
1627 2820 1751 2867 patria
1784 2820 1875 2855 exul
1908 2819 2044 2867 Rhegii
2072 2832 2238 2855 commo-

489 2873 594 2904 ratus
623 2876 689 2905 est.
725 2869 772 2906 cf.
799 2869 976 2907 Perizou.
