2933 3722
1335 340 1399 389 51

502 460 708 507 culatores
740 456 1022 511 ministrasse,
1065 456 1336 519 postmodum
1374 457 1715 503 Lacedaemoniis
1758 459 1900 503 decem
1932 475 2058 504 naves
2084 458 2240 505 Dorico

498 520 670 567 Rhodio
703 519 821 566 duce.
883 520 969 565 Sed
1001 530 1198 580 quantam
1231 518 1536 564 multitudinem
1569 521 1614 565 in
1639 537 1740 566 suae
1771 521 1944 567 civitatis
1981 521 2241 583 praesidium

501 598 650 643 cogere
678 582 902 642 potuerint,
933 581 1043 626 bella
1078 581 1145 626 Ol.
1172 582 1340 634 XCVII,
1372 584 1415 626 3.
1447 582 1568 625 annis
1599 594 1694 643 post
1723 582 1914 628 Thurios
1938 584 2129 629 conditos
2158 585 2243 630 cir·

503 645 607 690 citer
639 644 942 705 quinquaginta
974 654 1154 703 quatuor
1182 660 1277 688 cum
1293 643 1475 688 Lucanis
1508 654 1622 703 gesta
1646 645 1807 689 docent.
1866 645 1931 690 Ibi
1962 647 2071 691 enim
2094 657 2241 692 contra

499 707 703 751 barbaros
743 706 923 750 eduxere
964 705 1185 750 exercitum
1220 705 1409 766 peditum
1462 706 1775 766 quatuordecim
1822 707 1995 752 millium
2047 708 2242 769 amplius,

502 769 709 830 equitibus
742 783 875 827 prope
907 766 1019 811 mille
1048 767 1216 811 additis.
1278 767 1341 812 Ac
1360 777 1487 821 terra,
1518 785 1642 829 quam
1677 767 1959 821 incoluerunt,
1991 770 2107 829 equis
2125 770 2241 815 alen·

501 832 566 876 dis
599 841 685 875 erat
717 829 954 890 aptissima,
993 829 1335 891 quandoquidem
1365 840 1450 874 toto
1484 847 1586 890 agro
1629 830 1845 874 canalibus
1876 831 2048 890 irrigato
2074 832 2240 892 pabulis

499 910 586 938 non
618 901 821 951 eguerunt
840 892 892 952 5).
954 892 1053 939 Tac.
1083 892 1218 936 annal.
1243 894 1358 945 XIV,
1390 894 1486 936 21.:
1524 910 1554 936 a
1592 896 1751 936 Tuscis
1782 896 1951 936 accitos
1981 896 2242 948 histriones,

500 974 531 1000 a
559 957 744 1000 Thuriis
768 971 985 1012 equorum
1005 959 1260 1000 certamina
1270 974 1283 1013 3
1322 954 1464 999 Livius
1490 965 1627 998 tamen
1659 957 1710 1013 (1,
1731 957 1825 1011 35.)
1855 954 2003 999 borum
2035 955 2241 1015 originem

501 1033 550 1062 cx
581 1016 748 1061 Etruria
776 1016 945 1061 derivat.
1014 1020 1169 1076 Tyriis
1198 1017 1371 1078 praebet
1401 1034 1477 1062 ms.
1502 1016 1649 1069 Corb.‚
1689 1017 1803 1079 quod
1834 1017 1955 1062 nihili
1988 1028 2062 1062 est.
2126 1019 2241 1081 Hey-

499 1079 597 1124 nius
641 1096 785 1140 opusc.
814 1080 874 1133 ΙΙ,
913 1096 955 1140 p.
985 1079 1087 1124 133.
1135 1080 1327 1124 Thurios
1374 1079 1454 1124 hoc
1499 1079 1591 1123 loco
1635 1080 1850 1143 Sybaritas
1897 1080 1981 1124 dici
2028 1081 2244 1134 existimat,

501 1142 736 1202 cogitatque
789 1141 841 1185 de
887 1158 1043 1202 pompa
1100 1142 1303 1202 equestri,
1368 1159 1452 1202 qua
1504 1143 1680 1187 crocotis
1726 1159 1853 1203 super
1904 1142 2055 1187 loricas
2103 1143 2244 1187 induti

499 1204 874 1249 transvehebantur
905 1203 1145 1266 Sybaritani
1177 1205 1284 1249 ultra
1315 1205 1501 1265 quinque
1532 1204 1660 1249 millia
1692 1205 1899 1258 Ath.X11‚
1924 1206 2029 1258 519,
2059 1222 2093 1249 c.
2142 1204 2244 1259 Sed,

500 1275 548 1309 ut
577 1266 704 1309 verba
737 1266 878 1309 Taciti
911 1282 954 1307 se
987 1266 1155 1318 habent,
1182 1266 1447 1326 probabilior
1465 1266 1608 1325 utique
1639 1278 1699 1309 est
1725 1267 1777 1309 O.
1806 1266 1997 1310 Muelleri
2025 1267 2244 1320 sententia,

502 1327 554 1371 de
588 1338 673 1371 arte
707 1326 996 1389 Sybaritarum
1028 1342 1157 1387 equos
1199 1328 1254 1371 ad
1293 1327 1415 1370 tibiae
1459 1327 1609 1370 modos
1651 1326 1800 1370 saltare
1845 1327 2024 1371 docendi
2055 1330 2245 1387 cogitan-

501 1389 602 1433 dum
636 1406 745 1443 esse,
778 1405 883 1450 quae
914 1388 1090 1432 fortasse
1122 1387 1177 1432 ad
1207 1387 1398 1433 Thurios
1430 1388 1606 1433 transiit.
1670 1391 1716 1433 V.
1748 1389 1834 1433 Etr.
1851 1389 1904 1443 II,
1936 1407 1976 1450 p.
1999 1393 2106 1437 220.

1223 1536 1403 1576 CArnT
1447 1536 1522 1576 IV.
1546 1543 1556 1549 ⁸

716 1618 825 1661 RES
860 1617 1098 1659 SACRAE.
1152 1618 1474 1658 DISCIPLINA
1491 1618 1758 1658 'PUBLICA.
1812 1618 2037 1661 ARTmM

981 1687 1433 1738 LITERARUMQUE
1469 1685 1753 1727 CULTURA.

626 1771 739 1814 Inter
772 1770 910 1815 divina
938 1772 1112 1815 numina
1149 1788 1172 1815 a
1204 1772 1375 1815 Thuriis
1407 1771 1574 1832 publice
1607 1770 1716 1814 culta
1744 1769 1869 1828 longe
1897 1768 2081 1828 primum
2107 1768 2244 1815 locum

503 1831 663 1877 obtinet
692 1832 880 1878 Minerva
914 1833 967 1878 ab
995 1834 1321 1878 Atheniensibus
1350 1844 1539 1895 accepta:
1578 1849 1683 1893 quae
1713 1832 1799 1875 fere
1832 1832 1876 1874 in
1906 1831 2101 1874 omnibus
2127 1832 2245 1876 Thu-

502 1893 662 1938 riorum
705 1895 845 1937 numis
889 1896 1168 1955 conspicitur,
1217 1895 1400 1939 laureata
1444 1896 1560 1954 galea
1600 1906 1639 1938 et
1680 1893 1853 1956 gryphis
1902 1893 2124 1953 (Mionnet.
2155 1904 2183 1937 t.
2209 1896 2246 1948 I,

502 1957 665 2017 p.170.
692 1973 781 2000 nro.
805 1958 927 2017 676.)
959 1956 1021 2001 vel
1053 1956 1216 2020 Scyllae
1246 1956 1381 2018 figura
1409 1958 1518 2014 (nro.
1543 1956 1663 2015 657.)
1697 1966 1854 1999 ornata.
1930 1955 2128 2015 Inprimis
2157 1955 2243 2000 duo

504 2019 622 2061 numi
655 2029 751 2061 sunt
781 2017 1003 2070 laudandi,
1042 2019 1086 2061 in
1121 2019 1274 2077 quibus
1306 2020 1519 2063 Minervae
1552 2018 1677 2077 capiti
1711 2018 1944 2077 adscriptae
1977 2028 2075 2060 sunt
2104 2017 2245 2061 literae

503 2081 632 2133 ΣΩ,
672 2079 698 2121 i.
725 2095 757 2122 e.
784 2074 1019 2128 Παλλάδι
1058 2083 1239 2142 σωτῆρι,
1298 2080 1479 2124 Inferior
1511 2089 1597 2123 erat
1629 2079 1791 2122 Dianae
1825 2089 1864 2122 et
1897 2078 2058 2121 Cereris
2098 2078 2247 2133 cultus,

506 2157 683 2201 quarum
726 2139 897 2184 dearum
947 2140 1149 2199 imagines
1197 2140 1278 2184 vid.
1306 2140 1351 2184 in
1388 2141 1526 2185 numis
1567 2156 1781 2200 expressas
1824 2156 1890 2200 ap.
1921 2140 2120 2183 Mionnet.
2159 2150 2188 2183 t.
2211 2143 2246 2193 Ι,

505 2219 548 2262 p.
572 2203 675 2251 171.
717 2220 807 2245 nro.
840 2204 944 2247 690.
975 2204 1078 2247 691.
1109 2204 1212 2247 695.
1263 2203 1409 2263 Suppl.
1441 2214 1470 2248 t.
1502 2207 1534 2248 1.
1564 2203 1681 2256 224,
1731 2220 1822 2246 nro,
1852 2203 1957 2246 871.
2041 2200 2147 2243 Inde
2188 2201 2243 2245 ab

508 2262 561 2308 Ol
596 2280 677 2324 mp.
710 2265 948 2317 LXXXVI,
984 2267 1024 2308 3.
1096 2281 1151 2307 uo
1194 2281 1304 2307 anno
1347 2264 1577 2325 Delphicus
1616 2265 1730 2307 Deus
1773 2280 1889 2307 suam
1932 2261 2056 2320 jussit
2096 2261 2244 2306 haberi

508 2282 736 2379 colloniam,
787 2327 831 2369 in
867 2326 1006 2370 numis
1049 2282 1206 2387 aliquot
1246 2337 1468 2387 comparet.
1512 2343 1546 2369 v.
1578 2326 1779 2369 Mionnet.
1810 2336 1835 2368 t.
1859 2327 1902 2376 Ι,
1943 2339 1983 2382 p.
2007 2323 2109 2367 171.
2150 2340 2243 2368 nro.

511 2389 614 2432 692.
664 2387 810 2449 Suppl.
841 2390 882 2443 1,
912 2405 954 2449 p.
975 2387 1082 2433 324.
1113 2405 1203 2433 nro.
1227 2389 1333 2434 867.
1351 2389 1484 2434 868.;
1535 2388 1668 2449 tripus
1700 2397 1726 2431 t.
1747 2389 1790 2440 Ι,
1825 2402 1865 2446 p.
1890 2386 1991 2429 169.
2023 2402 2115 2443 nro.
2137 2386 2242 2431 660.

509 2451 668 2495 Boreas
706 2469 729 2496 a
772 2468 855 2512 quo
900 2451 998 2495 inde
1036 2461 1220 2511 tempore
1265 2450 1436 2495 Thuriis
1478 2450 1611 2494 cultus
1653 2449 1727 2502 sit,
1782 2458 1905 2509 atque
1952 2447 2058 2491 adeo
2102 2448 2245 2493 civita·

510 2522 591 2556 tem
634 2523 674 2556 et
712 2531 858 2573 agrum
896 2512 1144 2574 peculiarem
1182 2512 1402 2573 (τέμενος)
1444 2512 1497 2557 sit
1527 2523 1696 2566 nactus,
1727 2510 1809 2554 vid.
1837 2527 1902 2571 ap.
1929 2509 2091 2554 Aelian.
2118 2512 2167 2556 V.
2191 2511 2246 2557 H.

510 2576 607 2628 XII,
644 2576 715 2619 61.
757 2576 848 2621 coll.
884 2576 1009 2620 Diod.
1034 2578 1146 2630 XIV,
1179 2576 1305 2620 100.:
1354 2574 1502 2621 incidit
1551 2575 1659 2620 enim
1702 2573 1784 2618 hoc
1823 2583 1935 2617 extra
1978 2572 2023 2616 id
2066 2582 2247 2634 tempus,

512 2636 564 2681 de
601 2654 685 2697 quo
719 2654 841 2696 agere
878 2639 1142 2683 instituimus.
1215 2637 1425 2692 Herculis,
1457 2638 1651 2691 Veneris,
1685 2636 1799 2680 Jovis
1830 2634 2019 2697 Olympii
2048 2635 2246 2693 (Athenis

617 2779 658 2830 3)
694 2780 797 2820 Idem
827 2782 1080 2830 comprobare
1111 2780 1284 2829 videtur,
1322 2781 1425 2833 quod
1464 2794 1603 2831 equum
1639 2779 1749 2817 etiam
1785 2778 1912 2817 numia
1944 2777 2171 2819 incuderent
2194 2778 2247 2830 (v.

512 2832 702 2871 Mionnet.
730 2833 865 2883 Suppl.
891 2841 916 2871 t.
937 2834 967 2879 Ι,
1002 2847 1040 2883 p.
1057 2837 1147 2880 322,
1181 2834 1399 2884 nro.854.).
1439 2833 1672 2870 Riedeselius
1709 2846 1746 2881 p.
1766 2834 1878 2870 192.:
1917 2833 1948 2869 Ie
1980 2834 2055 2871 seul
2085 2834 2152 2869 duo
2184 2832 2247 2882 (de

514 2883 728 2936 Corigliano)
757 2889 842 2925 e‘Ic‘oe
866 2887 1000 2937 chaque
1024 2890 1131 2924 annea
1155 2891 1238 2923 tr01's
1264 2894 1354 2924 cents
1378 2886 1546 2924 chwaux.

1735 2947 1793 2985 ⁷*
