2932 3692
1533 322 1601 366 28

678 438 890 482 fabulatus
927 436 980 478 sit
1019 444 1046 477 t.
1068 436 1141 486 IV,
1173 450 1213 493 p.
1235 435 1309 477 39.
1373 433 1489 475 Idem
1523 433 1676 475 mirum
1707 434 1753 475 in
1785 434 1961 478 modum
1990 437 2191 481 Daulium
2227 437 2439 481 Crissaeo-

679 518 772 546 rum
805 511 1028 559 tyrannum
1064 496 1117 539 ad
1148 496 1227 540 hoc
1262 496 1399 555 ipsum
1430 508 1593 555 tempus
1616 493 1703 553 (Ol.
1725 495 1974 551 LXXXIV.)
2006 501 2155 544 refert:
2188 518 2283 545 nam
2318 502 2438 558 igno-

680 575 819 606 ramus
853 558 1047 619 quidem‚
1089 558 1206 619 quod
1241 568 1405 618 tempus
1449 557 1692 619 spectaverit
1734 556 1806 617 qui
1841 555 1893 599 de
1928 556 2084 601 Daulio
2125 562 2439 624 Metapontino-

677 639 769 666 rum
805 621 1024 665 conditore
1058 621 1226 680 scripsit
1257 622 1454 680 Ephorus
1488 624 1572 680 (ap.
1594 619 1773 676 Strab.),
1809 634 2065 679 quamquam
2105 624 2330 679 probatum
2362 625 2439 668 ha·

676 685 846 736 bemus,
892 702 982 727 eam
1014 696 1187 727 aetatem
1218 683 1472 741 significari,
1515 702 1596 742 qua
1626 683 1863 726 Phocenses
1895 681 2053 726 oraculi
2080 683 2275 742 Delphici
2301 700 2441 731 custo-

679 746 790 792 diam
836 745 1060 791 tenebant:
1114 744 1310 790 Daulium
1355 754 1490 790 autem
1540 744 1623 789 sive
1669 743 1856 790 coloniae
1900 742 2046 788 ducem
2099 754 2314 804 tenemus,
2357 747 2442 794 sive

680 827 775 854 cum
823 810 1028 854 Muellero
1077 812 1248 852 omnino
1298 810 1576 852 Daulidenses
1627 810 1716 851 viro
1770 809 1840 851 illo
1890 808 2117 865 significari
2162 811 2444 870 suspicamur,

684 874 849 917 Crissae
883 884 1106 933 tyrannum
1142 870 1313 914 Thuriis
1347 870 1561 930 aequalem
1588 870 1786 929 Ephorus
1820 881 2146 915 commemorare
2174 891 2260 915 non
2293 872 2445 931 potuit,

683 951 811 997 quum
853 933 1035 976 Crissam
1076 949 1107 976 s.
1141 932 1331 976 Cirrham
1372 942 1629 993 compertum
1668 931 1898 975 habeamus
1942 933 2024 992 jam
2061 933 2129 983 Ol,
2154 935 2320 979 XLVII.
2353 933 2444 978 solo

682 1008 898 1056 aequatam
934 1013 1034 1040 esse.
1066 995 1127 1039 Cf.
1155 997 1280 1039 Paus.
1303 998 1356 1049 X,
1384 999 1458 1040 37.
1484 994 1633 1039 ‘Orcln
1663 1013 1704 1055 p.
1722 995 1827 1039 495.
1866 996 2008 1040 Herm.
2034 1007 2136 1044 anu.
2165 1013 2301 1055 graec.
2327 997 2445 1057 publ.

682 1061 719 1117 ἓ.
744 1061 815 1112 13,
847 1068 931 1100 not.
958 1060 999 1101 6.

816 1120 959 1164 Altera
1001 1119 1189 1177 colonia,
1243 1136 1350 1180 quae
1391 1137 1479 1164 non
1529 1118 1679 1179 majori
1724 1118 1816 1179 jure
1858 1119 2031 1164 Thuriis
2073 1119 2333 1174 vindicatur,
2375 1118 2447 1165 ‘est

682 1182 828 1234 Elea,
856 1193 976 1225 antea
1008 1181 1176 1236 ’Ὑέλη
1205 1182 1476 1241 postmodum
1497 1182 1612 1225 Velia
1645 1182 1870 1225 nominata.
1913 1183 1953 1226 A
1980 1183 2322 1227 Phocaeensibus
2354 1198 2446 1227 eam

683 1245 893 1288 conditam
929 1262 1031 1297 esse,
1065 1244 1372 1288 consentientes
1403 1256 1561 1288 veteres
1594 1244 1822 1288 declarant.
1854 1247 1904 1287 V.
1937 1246 2094 1289 Herod.
2115 1247 2147 1297 I,
2173 1248 2274 1290 167.
2309 1245 2447 1290 Strab.

680 1309 752 1359 VI,
785 1307 891 1351 388.
934 1307 1055 1350 Suid.
1089 1324 1119 1349 s.
1149 1325 1186 1351 v.
1216 1306 1435 1349 Thurinae
1480 1305 1670 1350 coloniae
1712 1323 1761 1349 eo
1804 1306 2007 1350 deductae
2050 1306 2165 1351 solus
2209 1319 2355 1352 auctor
2386 1318 2449 1352 est

684 1367 841 1431 Scylax
873 1368 1020 1429 p.340
1048 1367 1170 1421 Gail,
1199 1367 1272 1427 qui
1307 1367 1424 1411 locus
1457 1366 1493 1410 si
1526 1376 1635 1409 recte
1667 1382 1757 1409 sese
1792 1366 1977 1419 haberet,
2013 1384 2099 1410 non
2132 1380 2239 1412 esset
2274 1371 2309 1412 ei
2341 1370 2447 1413 fides

684 1441 839 1475 temere
864 1430 1137 1490 deneganda,
1166 1448 1296 1492 quum
1326 1429 1529 1482 sciamus,
1561 1428 1674 1472 hunc
1707 1428 1996 1489 geographum
2030 1447 2204 1490 prorsus
2237 1430 2448 1491 antiquio-

683 1494 802 1538 ribus
847 1495 1023 1537 testibus
1064 1494 1162 1537 niti:
1205 1493 1258 1542 cf,
1288 1492 1495 1537 Dodwell.
1528 1492 1571 1535 in
1614 1491 1743 1536 Gailii
1783 1508 1925 1551 geogr.
1954 1492 2052 1535 min.
2086 1503 2112 1536 t.
2133 1495 2187 1545 11,
2217 1510 2256 1552 p.
2282 1493 2376 1538 248
2409 1504 2450 1538 et

686 1558 791 1600 252.
822 1556 941 1599 Nieb.
965 1556 1060 1599 hist.
1083 1557 1134 1599 R.
1158 1557 1190 1607 1,
1210 1559 1285 1599 20.
1350 1555 1490 1599 Verba
1524 1554 1628 1598 haec
1661 1565 1782 1598 sunt:
1815 1558 1866 1603 ὲν
1894 1552 2022 1615 αὖτῇ
2046 1554 2334 1618 (Λευκανίᾳ)
2366 1553 2450 1605 πό.

684 1622 786 1669 λεις
826 1617 936 1667 εἰσὶν
965 1613 1210 1676 ἑλληνίδες
1255 1613 1373 1666 αἵδε·
1423 1612 1727 1669 Ποσειδωνία,
1770 1615 1853 1665 καὶ
1881 1614 2057 1666 Ἐλαοὲ
2084 1618 2280 1680 Θουρίων
2313 1615 2449 1667 εἰποι-

685 1681 781 1735 κίοι,
809 1676 1047 1729 Παρδοσία
1079 1700 1122 1729 χ,
1144 1699 1189 1728 τ,
1212 1683 1259 1727 λ.
1286 1677 1455 1728 Ἐλααῖ
1483 1696 1611 1739 quum
1647 1678 1745 1722 ferri
1780 1678 1897 1722 nullo
1925 1680 2052 1723 modo
2082 1682 2235 1739 possit,
2270 1680 2448 1724 Cluvero

675 1741 843 1791 ”Eksoe
875 1743 955 1786 sub
989 1742 1067 1785 hac
1096 1758 1195 1784 voce
1236 1741 1363 1784 latere
1402 1741 1642 1784 videbatur:
1683 1740 1759 1783 sed
1796 1741 1849 1783 de
1882 1741 2046 1785 colonia
2080 1742 2117 1785 T
2121 1742 2336 1786 huriorum
2366 1745 2448 1786 Ve-

685 1803 783 1849 liam
820 1804 996 1848 deducta
1029 1819 1076 1847 ex
1108 1802 1225 1848 nullo
1259 1802 1340 1847 alio
1378 1800 1472 1847 loco
1517 1812 1702 1848 constat:
1745 1818 1882 1864 neque
1924 1804 2103 1865 speciem
2137 1803 2447 1865 probabilitatis

686 1867 823 1910 habet.
889 1867 1065 1928 Sybaris
1097 1866 1269 1927 quidem
1299 1883 1394 1908 cum
1427 1866 1634 1916 constitit,
1683 1865 1737 1907 ad
1783 1882 1852 1907 eas
1883 1877 2017 1908 terras
2048 1877 2293 1925 potestatem
2327 1884 2445 1910 suam

685 1928 951 1980 extenderat,
983 1940 1109 1987 atque
1134 1946 1179 1971 in
1212 1927 1306 1971 loco
1324 1926 1441 1971 Velia
1471 1926 1592 1971 etiam
1626 1926 1842 1986 superiore
1874 1927 2146 1971 Posidoniam
2181 1927 2447 1974 condiderat:

686 1991 764 2035 sed
798 2000 896 2050 post
927 1990 1103 2052 Sybaris
1136 1989 1341 2033 excidium
1375 1988 1588 2051 Micythus
1611 1988 1829 2046 Rheginos
1860 1988 2033 2033 colonos
2059 1990 2296 2035 Buxentum
2331 1990 2448 2036 duxit

688 2052 779 2110 (Ol.
811 2053 1021 2105 LXXVH,
1050 2055 1125 2111 2.),
1157 2070 1242 2113 quo
1274 2053 1384 2095 sacto
1412 2051 1562 2094 Thurii
1595 2050 1754 2094 Veliam
1784 2050 1944 2095 colonis
1989 2052 2257 2112 frequentare
2289 2071 2449 2114 nequa·

689 2132 817 2176 quam
846 2125 1084 2175 potuerunt.
1135 2115 1280 2175 ltaque
1313 2114 1381 2158 vix
1414 2113 1598 2157 dubitari
1628 2123 1786 2174 potest,
1817 2114 1919 2174 quin
1953 2131 1976 2158 a
2008 2131 2106 2159 vero
2138 2115 2315 2176 propius
2341 2116 2452 2160 absit

688 2177 874 2230 Gailius‚
908 2178 1141 2236 conjiciens
1169 2175 1320 2231 Λάος,
1350 2177 1550 2240 Θουρίων
1583 2174 1799 2230 ἀποικία,
1831 2177 1857 2219 i.
1877 2194 1910 2220 e.
1933 2177 2248 2239 Sybaritarum3
2280 2195 2447 2222 omnem

688 2239 976 2286 difficultatem
1007 2239 1175 2285 sustulit
1205 2240 1257 2284 O.
1278 2239 1529 2292 Muellerus,
1561 2257 1654 2283 cum
1688 2239 1857 2299 scripsit
1885 2238 2068 2298 Ἐλέας,
2097 2240 2229 2292 Λαὸς
2251 2241 2450 2306 Θουρίων

687 2302 904 2358 ἀποικία,
942 2303 987 2348 in
1024 2306 1173 2348 Goelt.
1200 2305 1288 2363 gel.
1317 2306 1437 2348 Anz.
1473 2302 1608 2355 1832,
1640 2319 1731 2345 nro.
1753 2304 1862 2346 203.

814 2367 956 2410 Tertia
982 2365 1172 2420 colonia,
1213 2383 1340 2426 quam
1371 2365 1546 2409 Thuriis
1592 2364 1839 2425 jamdudum
1883 2364 2072 2426 eripuere
2107 2368 2198 2415 VV,
2224 2366 2343 2420 DD.‚
2388 2376 2449 2410 est

688 2426 826 2471 Nola
861 2429 1125 2489 Campaniae.
1187 2428 1352 2472 Etenim
1386 2427 1557 2472 Solinus
1587 2429 1638 2481 ll,
1670 2429 1741 2473 16.
1769 2428 1872 2472 haec
1904 2427 2052 2472 habet:
2084 2432 2208 2473 Nola
2234 2448 2263 2474 a
2295 2431 2450 2488 Tyriis

688 2490 970 2550 (constituta).
1033 2491 1163 2549 Quod
1206 2508 1336 2551 quum
1373 2491 1706 2535 emendationem
1739 2491 1950 2535 videretur
1991 2490 2227 2551 requirere,
2272 2490 2450 2540 Salmas.

690 2553 746 2596 ad
778 2552 911 2598 Solin.
944 2571 985 2614 p.
1004 2553 1077 2597 72.
1110 2553 1299 2613 scripsit:
1342 2569 1366 2595 a
1397 2553 1589 2597 Thuriis.
1653 2552 1738 2597 Sed
1771 2553 1896 2614 plane
1929 2552 2075 2596 eadem
2112 2552 2210 2598 huic
2251 2552 2450 2597 emenda-

690 2616 795 2659 tioni
828 2616 1119 2676 refragantur,
1161 2633 1268 2676 quae
1302 2632 1431 2676 supra
1465 2626 1609 2660 contra
1642 2615 1802 2660 Veliam
1833 2614 2092 2660 Thuriorum
2131 2615 2338 2660 coloniam
2373 2614 2451 2659 ad·

692 2678 940 2724 notavimus.
1002 2679 1090 2723 Nec
1123 2679 1344 2740 quisquam
1375 2677 1628 2723 salmasium
1661 2689 1863 2739 sequutus
1891 2689 1968 2729 est,
2026 2679 2196 2739 Lipsius
2224 2678 2280 2723 ad
2303 2677 2449 2737 Vellej.

691 2741 728 2792 1,
761 2742 801 2783 7.
832 2741 978 2784 maluit
1007 2741 1264 2803 Tyrrhenis,
1296 2741 1503 2801 probante
1535 2741 1768 2785 Niebuhrio
1798 2742 1838 2795 1,
1867 2743 1937 2785 75.
2003 2741 2055 2784 Ο.
2080 2740 2330 2793 Muellerus,
2370 2756 2447 2783 nec

692 2801 786 2862 ipse
820 2801 930 2847 hanc
971 2804 1303 2847 emendationem
1337 2802 1462 2863 plane
1503 2803 1717 2862 rejiciens,
1759 2803 1981 2864 proposuit
2012 2803 2237 2862 legendum
2271 2819 2380 2848 esse:
2423 2820 2445 2847 a

693 2864 847 2929 Styriis
880 2865 953 2924 (de
982 2866 1137 2927 quibus
1170 2867 1291 2910 Paus.
1311 2867 1381 2920 lV,
1405 2865 1480 2911 34.
1510 2868 1559 2921 V,
1579 2869 1685 2925 23.).
1735 2866 1821 2913 Etr.
1842 2870 1878 2921 I,-
1911 2866 2014 2913 166.
