2933 3722
1339 337 1402 382 19

895 446 1065 508 Ὠιδῆν
1093 447 1321 517 Ἡροδότῳ
1349 448 1487 514 τεῦξε
1517 452 1770 516 Σοφοκλῆς
1800 450 1946 502 ἐτέων
1974 449 2039 501 ὤν

895 513 1029 565 πέντ’
1060 513 1141 563 ἐπὶ
1169 512 1478 570 πεντήκοντα.

495 580 591 624 Jam
635 577 731 622 licet
770 575 931 621 nullum
973 594 1061 621 non
1097 576 1249 621 mirum
1293 574 1466 629 habeat,
1504 575 1619 635 quod
1657 576 1767 620 inter
1806 573 1878 619 illa
1918 575 2103 636 exempla
2143 575 2234 636 epi-

497 656 685 701 gramma
716 644 864 701 poe'tae
896 639 1200 700 quinquaginta
1219 638 1405 700 quinque
1440 653 1573 681 annos
1600 637 1688 682 nati
1717 637 1905 692 affertur,
1933 648 2071 683 tamen
2105 647 2236 683 exstat

495 703 660 747 initium
694 704 782 763 ejus
815 701 1025 755 carminis,
1055 702 1172 763 quod
1190 700 1436 745 sententiam
1461 699 1585 744 nobis
1618 700 1856 759 adoptatam
1889 700 2104 762 aliquanto
2136 716 2233 761 per-

494 765 663 810 turbare
708 764 843 826 possit
879 762 1023 807 videri.
1093 765 1201 807 Nam
1241 761 1469 823 Sophocles
1517 772 1640 806 natus
1687 772 1748 805 est
1784 762 2034 815 OLLXX1,
2064 767 2105 807 2.
2138 763 2230 821 (vit.

495 827 659 889 Soph.)‚
690 827 748 872 ita
780 838 827 871 ut
858 825 1249 887 quinquagesimum
1276 825 1467 887 quintum
1499 843 1657 870 annum
1692 835 1833 884 ageret
1863 824 1931 870 Ol.
1949 826 2159 879 LXXXV,
2192 826 2233 870 1.

495 892 642 951 Itaque
674 891 709 934 si
743 906 837 934 cum
870 889 1027 952 Heysio
1059 905 1099 950 p.
1122 891 1192 935 67.
1219 899 1445 943 teneamus,
1475 889 1541 933 vix
1569 888 1753 933 dubitari
1785 904 1922 948 posse,
1955 888 2057 949 quin
2091 897 2234 931 noster

495 952 758 1005 Herodotus,
786 969 863 994 nec
897 951 1001 995 alius
1031 952 1257 1013 quispiam,
1289 951 1583 1011 intelligendus
1616 952 1668 994 sit
1700 950 1764 1006 (id
1791 951 1906 1010 quod
1937 968 2023 993 non
2051 950 2234 1011 probare

494 1014 656 1058 videtur
686 1014 878 1057 Handius
905 1013 1131 1077 Encyclop.
1165 1032 1197 1058 s.
1226 1032 1263 1058 ν.
1295 1018 1534 1068 Herodot,
1574 1025 1669 1057 sect.
1687 1014 1749 1066 II,
1786 1023 1812 1056 t.
1832 1015 1882 1066 6,
1925 1030 1966 1072 p.
1983 1014 2076 1058 380
2109 1015 2234 1072 sqq.),

492 1077 732 1119 Herodotus
757 1092 805 1118 eo
839 1092 949 1118 anno
980 1086 1051 1118 aut
1077 1075 1255 1118 Athenis
1286 1085 1564 1117 commoratus
1597 1085 1680 1126 est,
1723 1084 1795 1116 aut
1836 1074 1973 1125 Sami,
2015 1074 2089 1116 ubi
2123 1074 2235 1116 circa

491 1137 598 1183 illud
629 1150 791 1197 tempus
824 1137 1055 1197 Sophocles
1088 1155 1182 1182 cum
1218 1155 1366 1181 novem
1400 1135 1492 1180 aliis
1539 1135 1659 1180 classi
1700 1135 2015 1180 Atheniensium
2050 1136 2235 1194 praefuit

490 1200 669 1260 (Jaeger.
701 1199 873 1260 disputt.
904 1198 1059 1244 Herod.
1088 1216 1129 1261 p.
1150 1200 1224 1244 25.
1255 1198 1414 1244 Sinten.
1442 1197 1497 1243 ad
1523 1197 1631 1247 Plut.
1660 1197 1750 1242 Per.
1780 1214 1822 1258 p.
1838 1198 1939 1255 96.).
2001 1197 2109 1242 Nam
2140 1212 2233 1243 car-

492 1278 588 1304 men
628 1262 733 1303 illud
778 1278 800 1302 a
846 1262 1054 1319 Sophocle
1094 1261 1308 1304 Herodoto
1350 1260 1540 1303 Thurios
1579 1260 1754 1302 missum
1794 1276 1885 1303 esse
1921 1259 1996 1316 (ita
2026 1263 2075 1303 V.
2103 1261 2156 1303 D.
2185 1259 2231 1302 in

491 1325 591 1368 Jen.
619 1325 714 1366 Lit.
747 1321 889 1374 1828,
920 1338 986 1366 nr.
1009 1321 1113 1375 187,
1144 1339 1185 1382 p.
1210 1325 1325 1375 53),
1372 1321 1466 1381 quis
1506 1331 1567 1365 est
1602 1321 1674 1381 qui
1703 1320 1881 1381 probet?
1941 1323 2057 1375 Jam,
2089 1338 2142 1365 ne
2175 1321 2230 1365 ab

491 1383 582 1428 aliis
615 1383 826 1443 disputata
857 1399 1154 1443 recoquamus,
1186 1398 1354 1427 necesse
1386 1399 1472 1426 non
1503 1382 1685 1436 videtur,
1717 1393 1762 1426 ut
1793 1381 2053 1427 Herodotum
2084 1399 2133 1427 ex
2163 1382 2233 1426 iti-

491 1445 664 1490 neribus
698 1446 868 1489 Samum
902 1445 1118 1489 revertisse
1152 1463 1245 1489 cum
1287 1448 1465 1504 Jaegero
1506 1455 1756 1489 statuamus:
1792 1445 1969 1489 Athenis
2002 1447 2104 1507 quin
2135 1455 2233 1507 post

490 1507 675 1551 Thurios
718 1506 909 1551 conditos
951 1517 1137 1551 versatus
1166 1507 1241 1562 sit,
1283 1524 1330 1551 ex
1358 1507 1613 1566 gravissimis
1646 1508 1901 1566 argumentis
1932 1508 2016 1568 jam
2049 1526 2134 1553 non
2168 1518 2231 1553 est

491 1569 682 1615 dubium.
753 1570 839 1614 Nec
880 1586 977 1614 vero
1019 1571 1197 1629 Jaegero
1241 1579 1280 1613 et
1319 1570 1475 1633 Heysio
1514 1570 1813 1624 concedamus,
1858 1569 2015 1632 aliquot
2059 1571 2228 1617 demum

491 1633 613 1677 annis
640 1642 735 1691 post
767 1649 916 1675 novam
950 1632 1157 1676 coloniam
1189 1632 1399 1675 conditam
1419 1633 1603 1675 Thurios
1634 1649 1678 1674 se
1710 1633 1915 1691 recepisse
1945 1635 2230 1678 Herodotum:

491 1694 577 1738 imo
617 1692 766 1746 Plinii,
808 1693 1052 1751 Strabonis,
1094 1692 1332 1746 Plutarchi,
1373 1692 1529 1738 Suidae
1570 1692 1816 1738 testimoniis
1858 1693 2092 1740 insistentes
2134 1713 2230 1740 eum

489 1755 677 1800 coloniae
727 1754 998 1799 deducendae
1048 1756 1207 1799 socium
1252 1755 1405 1808 fuisse,
1455 1756 1530 1798 sed
1570 1765 1740 1814 postero
1786 1766 1973 1817 tempore
2013 1756 2227 1802 itentidem

490 1817 800 1877 opportunitate
831 1817 968 1861 oblata
1002 1816 1057 1861 ad
1089 1816 1282 1861 visendas
1312 1816 1499 1860 Athenas
1530 1817 1714 1869 venisse,
1752 1828 1940 1862 tenemus
1979 1836 2074 1862 cum
2109 1820 2149 1862 C.
2178 1821 2225 1864 F.

487 1880 731 1924 Hermanno
762 1880 810 1922 V.
833 1877 892 1922 Cl.
922 1878 967 1922 in
997 1877 1150 1923 Baehr.
1180 1877 1338 1927 Herod.
1366 1888 1393 1922 t.
1410 1878 1463 1932 Il,
1483 1895 1523 1940 p.
1540 1879 1630 1923 656
1656 1896 1747 1940 sqq.
1809 1878 1981 1924 Thuriis
2013 1891 2225 1926 mortuum

492 1959 581 1986 esse
618 1941 902 1994 Herodotum,
946 1941 1102 1985 Suidae
1146 1939 1381 1985 testimonio
1424 1951 1463 1984 et
1495 1941 1787 2001 epigrammate
1821 1943 1935 2000 apud
1965 1942 2227 2001 Stephanum

488 2005 589 2067 Byz.
615 2020 649 2048 s.
669 2020 704 2047 v.
737 2000 918 2065 Θούριος
947 2002 1112 2047 videtur
1137 2003 1237 2046 satis
1269 2001 1478 2047 firmatum
1505 2019 1617 2047 esse:
1657 2002 1709 2047 cf.
1739 2002 1802 2047 He
1821 2002 1939 2047 rsium
1971 2020 2012 2064 p.
2029 2005 2104 2050 79.

613 2064 798 2108 Alterum
833 2063 1025 2107 colonum
1061 2063 1233 2107 Thuriis
1259 2064 1471 2108 vindicare
1502 2065 1663 2109 studuit
1690 2022 1992 2110 Tzscliirnerus
2016 2066 2229 2131 Panyasin

487 2128 531 2172 in
565 2127 664 2171 diss.
696 2126 748 2170 de
780 2126 1029 2188 Panyasidis
1057 2126 1336 2171 Halicarnass.
1364 2126 1447 2171 vita
1475 2137 1515 2170 et
1541 2127 1811 2182 carminibus,
1842 2146 1929 2172 non
1961 2129 2099 2189 ipsum
2132 2132 2228 2191 qui-

488 2190 582 2235 dem
610 2194 776 2251 poetam
810 2189 987 2250 epicum,
1021 2187 1097 2234 sed
1128 2205 1251 2251 quem
1284 2188 1337 2233 ab
1368 2188 1441 2233 illo
1474 2188 1798 2235 discernendum
1830 2208 1918 2236 esse
1947 2193 2118 2247 monuit,
2150 2209 2226 2238 ne-

516 2263 624 2298 otem
656 2255 759 2308 ejus,
791 2251 1104 2312 philosophum.
1167 2252 1253 2297 Sed
1284 2269 1369 2297 non
1392 2252 1483 2297 ausi
1507 2253 1639 2297 virum
1668 2253 1835 2298 doctum
1852 2254 1969 2313 sequi
2000 2254 2066 2299 via
2098 2255 2225 2302 nimis

486 2271 649 2359 fubrica
677 2313 901 2358 maluimus
934 2314 1090 2359 Suidae
1130 2312 1269 2359 locum
1301 2332 1332 2359 s.
1365 2332 1401 2359 v.
1433 2312 1692 2366 Πανύασις,
1734 2332 1818 2391 quo
1855 2315 2119 2375 potissimum
2151 2317 2222 2364 ille

487 2377 646 2429 nititur,
676 2394 768 2420 cum
800 2375 1094 2436 Wesselingio
1119 2386 1158 2420 et
1187 2377 1344 2449 Heysio
1367 2371 1608 2440 Ἡρόδοτον
1635 2393 1713 2437 pro
1759 2373 1984 2441 Ηρόδοτος
2011 2379 2227 2425 recriben-

488 2439 599 2485 tibus
632 2438 690 2482 ita
715 2438 964 2499 intelligere,
1006 2450 1053 2483 ut
1078 2439 1290 2501 Panyasm
1325 2438 1621 2483 Halicarnasso
1660 2439 1886 2484 oriundum
1917 2440 2065 2485 eodem
2097 2443 2223 2488 modo

490 2518 515 2546 a
545 2501 708 2545 Duride
740 2501 927 2546 Samium
959 2501 1043 2546 dici
1072 2500 1275 2555 affirmet,
1319 2518 1403 2561 quo
1433 2501 1672 2546 Herodotus
1704 2502 1886 2547 Thurini
1919 2504 2087 2548 nomine
2119 2522 2224 2564 gau-

491 2563 613 2618 deat,
644 2562 780 2623 patria
807 2574 846 2608 et
876 2563 966 2626 ipse
997 2562 1390 2610 Halicarnassensis.

611 2625 863 2670 Accedimus
891 2645 1005 2671 nunc
1036 2627 1092 2671 ad
1114 2626 1305 2690 Lysiam,
1336 2637 1375 2669 et
1406 2625 1544 2685 ipsum
1578 2626 1768 2671 coloniae
1801 2628 2019 2671 Thurinae
2047 2628 2223 2675 socium.

490 2688 554 2732 De
583 2704 667 2749 quo
699 2686 792 2730 vide
820 2687 1015 2759 Dionysii
1048 2687 1141 2733 Hal.
1173 2699 1212 2733 et
1239 2687 1641 2732 Pseudo-Plutarchi
1672 2686 1714 2733 ll.
1736 2687 1776 2732 ll.
1806 2705 1846 2748 p.
1870 2690 1942 2740 11,
2002 2689 2222 2738 Profectus

491 2760 553 2794 est
576 2748 752 2793 Athenis
784 2759 901 2809 patre
928 2766 1012 2808 jam
1042 2760 1206 2795 mortuo
1238 2750 1365 2806 (Plut.
1384 2749 1455 2795 vit.
1478 2749 1640 2813 Lysiae.
1670 2750 1735 2792 Jo.
1754 2750 1921 2795 Tzetzes
1946 2751 2030 2810 jam
2058 2753 2221 2814 Cepha-

491 2810 580 2857 lum
615 2823 775 2872 patrem
804 2810 953 2874 Lysiae
984 2811 1227 2857 Thurinum
1260 2812 1362 2857 dicit
1393 2811 1498 2856 Chil.
1515 2814 1566 2865 V,
1594 2812 1684 2856 345
1718 2829 1832 2872 sqq.‚
1872 2814 1923 2858 cf.
1951 2813 2121 2875 Taylori
2152 2816 2219 2859 vit.

488 2872 587 2937 Lys.
619 2872 797 2919 Votvl.
827 2890 869 2936 p.
893 2872 983 2920 104
1013 2874 1191 2933 Reisk.)‚
1223 2873 1286 2918 vel
1318 2889 1411 2919 cum
1446 2873 1613 2919 duobus
1644 2873 1844 2920 fratribus
1877 2873 2147 2922 Polemarcho
2180 2886 2220 2923 et

1712 2950 1769 2990 3*
