2906 3685
1328 341 1399 389 57

1086 568 1259 608 mmm
1311 566 1646 608 Pos'rnmon.

809 674 905 724 DE
966 670 1392 724 REPUBLICA
1447 672 1912 725 THURJORUM.

1195 885 1433 926 CAPUT
1484 887 1519 926 Ι.

988 971 1063 1012 DE
1107 972 1305 1013 FORMA
1351 972 1741 1014 REIPUBLICAE.

571 1048 639 1129 In
678 1085 756 1130 hac
798 1086 1081 1146 disputatione
1127 1090 1179 1133 ab
1220 1089 1340 1133 initio
1374 1107 1517 1133 eorum
1551 1091 1750 1135 VV.DD.
1779 1107 1897 1134 error
1928 1090 2051 1134 nobis
2086 1101 2237 1134 notan-

485 1145 565 1191 dus
599 1159 671 1202 est,
704 1148 739 1192 si
774 1149 845 1210 qui
875 1167 962 1194 non
996 1151 1223 1211 cogitantes
1257 1151 1472 1196 Thurinae
1504 1152 1607 1213 reip.
1634 1153 1834 1206 sormam,
1867 1163 1913 1196 ut
1945 1153 1988 1197 in
2019 1153 2233 1214 plerisque

488 1210 642 1252 accidit
669 1211 916 1264 civitatibus,
937 1213 1165 1256 identidem
1193 1225 1391 1257 mutatam
1413 1231 1513 1266 esse,
1540 1225 1720 1257 veterum
1749 1216 1984 1258 testimonia
2003 1216 2084 1258 alio
2104 1215 2235 1257 modo

485 1270 709 1314 conciliare
736 1290 820 1315 non
855 1283 1101 1330 potuerunt,
1134 1292 1259 1333 quam
1287 1275 1343 1318 ita
1372 1287 1419 1318 ut
1450 1276 1533 1319 sive
1561 1276 1666 1319 illud
1698 1277 1781 1320 sive
1816 1277 1990 1320 alterum
2022 1277 2234 1321 incautius

482 1331 713 1393 rejicerent.
779 1332 910 1392 Quod
942 1335 1169 1396 praecipue
1211 1352 1234 1380 a
1266 1334 1477 1397 Bentlejo,
1511 1336 1751 1381 subtilitatis
1785 1337 1826 1380 in
1862 1348 1947 1381 tota
1975 1338 2054 1382 hac
2087 1339 2235 1399 dispu-

482 1395 636 1438 tatione
666 1395 790 1437 nimis
823 1396 1026 1449 studioso,
1059 1397 1213 1440 factum
1242 1414 1331 1440 esse
1355 1399 1442 1456 jam
1475 1400 1632 1441 notavit
1661 1401 1849 1461 Heynius
1885 1402 2043 1460 Opusc.
2062 1404 2116 1453 ΙΙ,
2145 1402 2233 1445 147

482 1473 542 1516 sq.
599 1457 649 1500 In
677 1456 855 1500 eundem
885 1474 1068 1502 errorem
1096 1458 1245 1503 incidit
1264 1459 1459 1505 Micalius
1488 1459 1637 1505 l’ltalia
1663 1463 1799 1506 avanti
1823 1473 1897 1507 etc.
1932 1474 1957 1507 t.
1979 1466 2054 1515 111,
2082 1481 2121 1522 p.
2139 1466 2234 1508 230

483 1532 586 1561 vers.
604 1518 758 1570 franc„
791 1534 920 1579 quum
958 1519 1076 1576 dicit,
1108 1520 1178 1582 qui
1209 1521 1414 1566 coloniam
1444 1522 1635 1568 Thurios
1669 1523 1903 1580 duxissent,
1937 1524 2116 1569 voluisse
2149 1524 2232 1570 illis

483 1596 574 1624 eam
609 1580 782 1624 civitatis
811 1581 988 1626 sormam
1021 1585 1292 1638 constituere,
1324 1602 1449 1645 quam
1482 1596 1567 1629 tum
1599 1588 1891 1645 cognovissent
1921 1588 2231 1648 praestantissi-

484 1660 616 1697 mam,
647 1660 736 1687 eam
771 1643 894 1701 dicit,
927 1663 1034 1706 quae
1065 1646 1266 1691 niteretur
1295 1647 1555 1708 optimatium
1589 1648 1763 1708 imperio
1798 1661 2035 1710 temperato.
2087 1650 2231 1708 Quam

483 1721 569 1749 non
598 1706 817 1766 pristinam
849 1707 1001 1762 fuisse,
1033 1709 1108 1752 sed
1139 1720 1324 1769 tempore
1353 1710 1520 1754 demum
1550 1727 1596 1753 ex
1623 1710 1819 1772 populari
1852 1723 1959 1756 statu
1986 1713 2234 1773 profectam,

482 1779 570 1812 tum
603 1768 782 1812 Diodori
824 1769 1008 1814 declarat
1049 1771 1354 1824 testimonium,
1395 1782 1481 1815 tum
1526 1772 1701 1816 aliarum
1741 1774 2001 1818 coloniarum
2044 1775 2231 1836 exempla

484 1828 645 1873 docent.
708 1830 923 1874 Diodorus
956 1842 1092 1876 autem
1122 1834 1218 1886 XII,
1244 1835 1314 1877 11.
1341 1844 1480 1892 aperte
1513 1834 1660 1887 tradit,
1694 1847 1788 1894 post
1820 1837 2039 1896 Sybaritas
2074 1841 2229 1894 ejectos

484 1889 737 1951 alteramque
764 1891 970 1937 coloniam
994 1893 1215 1938 deductam
1243 1895 1298 1938 ad
1329 1894 1576 1955 popularem
1602 1907 1752 1940 statum
1786 1898 2087 1958 rempublicam
2110 1899 2230 1943 Thu-

484 1953 642 1997 riorum
677 1953 942 1999 constitutam
973 1972 1081 2010 esse,
1124 1966 1163 2000 et
1194 1973 1282 2000 eam
1317 1956 1465 2018 populi
1499 1957 1831 2003 distributionem
1861 1961 2035 2013 factam,
2067 1962 2110 2005 in
2145 1979 2228 2022 qua

483 2016 742 2059 Athenarum
775 2017 949 2060 imitatio
982 2035 1066 2060 non
1100 2029 1236 2077 potest
1267 2036 1353 2061 non
1388 2021 1585 2077 cognosci
1610 2023 1657 2079 l).
1708 2022 1900 2083 Namque
1930 2023 2071 2066 decem
2098 2024 2230 2067 factae

482 2089 581 2122 sunt
610 2078 743 2122 tribus
775 2077 938 2131 civium,
971 2079 1125 2140 quibus
1153 2097 1201 2124 ex
1227 2080 1488 2139 singulorum
1522 2082 1657 2141 patria
1689 2084 1863 2127 nomina
1890 2085 2056 2137 dedere,
2087 2086 2233 2140 Arcas,

480 2139 655 2192 Achais‚
690 2139 810 2193 Elea,
841 2140 1038 2195 Boeotia,
1069 2141 1417 2205 Amphictyonis,
1449 2144 1606 2197 Doris,
1639 2145 1736 2198 Jas,
1776 2146 2000 2198 Athenais‚
2033 2147 2231 2201 Euboeis‚

479 2201 683 2245 Nesiotis:
728 2213 810 2246 tres
848 2201 941 2246 illae
983 2204 1145 2264 priores
1187 2216 1356 2249 auctore
1397 2206 1587 2250 Diodoro
1633 2207 1805 2252 colonos
1847 2226 1894 2252 ex
1936 2208 2229 2268 Peloponneso

482 2263 673 2308 advectos
700 2263 988 2319 continebant,
1021 2266 1133 2310 unde
1153 2265 1306 2321 elucet,
1333 2267 1484 2310 Doridi
1514 2286 1600 2312 non
1630 2268 1957 2329 Peloponnesios
1991 2270 2229 2331 adscriptos

482 2341 592 2378 esse,
620 2324 696 2368 sed
728 2336 989 2370 externarum
1018 2328 1288 2372 Doriensium
1320 2329 1528 2373 civitatum
1563 2330 1774 2374 homines:
1807 2331 1983 2375 fortasse
2017 2349 2038 2375 e
2063 2332 2227 2377 Doride

481 2386 606 2432 Asiae
637 2386 812 2433 minoris
846 2401 1069 2445 venerant,
1116 2390 1176 2435 uti
1215 2391 1281 2435 Ias
1315 2409 1481 2452 quoque
1511 2392 1716 2437 Asiaticos
1749 2396 1872 2438 Iones
1916 2393 2081 2438 videtur
2114 2413 2229 2440 com-

480 2449 600 2511 plexa
635 2467 736 2495 esse.
795 2451 991 2513 Amphict
1024 2453 1115 2498 onis
1147 2470 1194 2498 ex
1230 2454 1553 2499 Wachsmuthii
1596 2456 1798 2500 sententia
1838 2458 1960 2515 (hell.
1992 2461 2087 2503 Alt.
2117 2461 2150 2511 1,
2187 2460 2228 2513 1,

483 2529 525 2573 p.
543 2513 665 2569 120.)
690 2530 778 2557 non
810 2514 864 2558 ad
895 2472 1272 2579 ampliictyonicum
1292 2516 1493 2561 Graeciae
1525 2517 1688 2571 foedus,
1716 2518 1831 2579 quod
1860 2519 2031 2579 proprie
2060 2519 2227 2575 dicitur,

481 2574 700 2618 referenda
734 2586 816 2629 est,
856 2577 931 2621 sed
964 2578 1033 2639 qui
1071 2596 1119 2623 ex
1152 2578 1394 2636 regionibus
1427 2579 1610 2624 Thurios
1645 2581 2038 2642 circumjacentibus
2073 2599 2121 2626 eo
2155 2600 2225 2627 ve-

480 2645 651 2690 nerunt,
681 2635 793 2680 illam
822 2640 1137 2687 constituerunt.
1182 2641 1325 2702 Neque
1360 2651 1495 2685 tamen
1521 2642 1794 2697 crediderim,
1830 2643 1954 2688 Italos
1986 2642 2225 2703 pelasgicae

583 2780 623 2827 1)
654 2781 830 2828 Pericles,
854 2781 1028 2821 coloniae
1050 2781 1293 2823 deducendae
1314 2793 1457 2834 auctor,
1485 2785 1577 2836 quin
1600 2786 1789 2835 populare
1815 2785 1872 2824 ibi
1899 2788 2103 2838 imperium
2131 2802 2222 2826 con-

478 2831 570 2870 dere
599 2847 841 2883 summopere
868 2834 1077 2883 studuerit,
1102 2839 1231 2874 nullus
1259 2837 1404 2876 dubito.
1459 2839 1709 2876 Athenienses
1735 2838 1829 2875 illud
1856 2841 1896 2876 in
1926 2843 2104 2878 omnibus
2131 2841 2224 2879 civi-

478 2887 619 2923 tatibus
645 2887 719 2924 sibi
743 2888 953 2934 coniunctis
978 2897 1159 2938 sequutus
1186 2902 1284 2937 esse,
1313 2892 1495 2940 exemplis
1525 2891 1749 2928 confirmare
1778 2905 1859 2930 nou
1896 2906 1994 2942 opus
2022 2901 2090 2931 est.

2893 3098 2899 3127 —r-
2894 3034 2903 3088 -v-
2895 2963 2903 3027 m,
2896 2921 2902 2954 ω..-
2891 2795 2902 2907 -ι-ννο-οο
