2852 3750
1448 374 1516 423 u

607 491 860 538 Theodorus
878 489 1086 547 Bergkius
1106 488 1150 532 in
1172 485 1620 534 Commentationibus·.
1633 485 1906 547 dereliquit«,
1919 493 2169 540 ‚comoediae
2198 492 2359 539 Atticae

610 554 803 614 antiquae
833 566 875 610 p.
892 551 949 595 51
977 566 1070 611 sqq.
1120 549 1182 597 Ea
1211 548 1384 611 quidem
1417 548 1464 595 in
1494 565 1540 596 re
1566 547 1770 599 differunt
1792 549 1961 598 illixVV‘.
1985 554 2103 609 DD„
2133 556 2216 600 utri
2246 554 2359 601 0010-

609 617 703 661 niae
730 615 920 673 Lampon
946 612 1198 673 praefuerit:
1228 629 1362 674 quum
1382 623 1521 671 tamen
1551 612 1764 672 inaperto
1794 612 1861 666 sit,
1895 613 2172 670 &strabona
2203 618 2362 679 quippe

609 677 681 739 qui
714 675 767 720 de
799 692 884 719 una
916 684 1081 720 tantum
1124 674 1291 722 colonia
1332 673 1550 737 loquatur,
1594 691 1682 733 rem
1722 673 1864 723 minus
1883 682 2088 722 ‚accurate
2131 680 2361 739 expositam

609 754 720 792 esse,
761 754 849 781 non
883 737 1166 782 concedamus
1198 736 1482 791 Hoelschero‚
1513 736 1758 794 Diodorum
1779 753 1803 783 e
1834 736 2090 798 Geographo
2121 738 2179 781 ita
2205 741 2361 800 corrigi

610 800 778 853 debere,
804 810 852 843 ut
875 800 1069 861 Lampon
1099 799 1305 845 coloniam
1335 825 1338 828 <
1368 810 1434 844 ost
1461 800 1679 863 Sybaritas
1705 798 1910 860 expulsos.
1924 800 2099 848 Athenis
2128 800 2360 860 profectam

609 862 778 908 duxerit
806 863 1071 923 (posterioris
1111 861 1299 908 coloniae
1329 817 1480 907 Xucem
1520 861 1649 909 fuisse
1679 862 1969 923 lamponem,
2014 872 2055 908 et
2093 862 2183 923 ipse
2216 862 2360 908 statuit

610 927 675 973 St.
693 924 818 970 Croix
845 924 889 968 in
914 925 1038 968 Mem.
1061 923 1113 968 de
1144 923 1299 968 l'Acad.
1316 924 1479 980 XLII.)‚
1511 932 1559 968 ac
1578 923 1719 985 ‚plane
1739 925 2021 971 consentimus
2042 941 2141 970 *cum
2164 924 2361 983 Bergkio‚

612 988 684 1049 qui
716 1003 738 1030 e
767 985 948 1045 Diodori
974 995 1110 1029 mente
1142 985 1389 1030 seditionem
1421 983 1580 1056 Sybari
1619 995 1813 1033 exortam.
1841 999 1939 1047 post
1972 986 2144 1033 colonos
2181 1004 2205 1032 a
2235 988 2360 1031 Lam-

641 1064 721 1093 one
752 1046 955 1091 deductos
986 1047 1141 1092 statuit.
1204 1048 1267 1091 Ne
1298 1065 1350 1091 ue
1377 1046 1571 1108 equidem
1600 1047 1777 1106 ignoro,
1800 1048 1986 1109 *qualem
2031 1047 2158 1093 fidem
2188 1049 2362 1100 omnino

608 1067 765 1155 habeat
795 1108 1037 1153 Diodorus:
1066 1107 1143 1153 sed
1174 1107 1257 1153 hoc
1270 1065 1382 1166 cioco
1419 1108 1606 1167 consulte
1630 1109 1836 1165 >omnibus
1866 1110 2087 1172 perpensis
2128 1109 2233 1155 mihi
2264 1125 2361 1170 per-

608 1187 780 1216 suasum
815 1180 888 1223 est,
918 1187 1006 1215 non
1032 1169 1209 1214 nimium
1243 1170 1280 1215 ei
1310 1186 1377 1216 me
1409 1171 1605 1229 tribuisse
1626 1170 1680 1229 5).

737 1241 870 1301 Quod
902 1252 1039 1287 autem
1072 1253 1187 1287 tanto
1216 1241 1358 1288 studio
1374 1242 1651 1288 Athenienses
1668 1242 1865 1306 Sybarim
1894 1241 2194 1287 restituendam
2221 1258 2363 1288 susce-

611 1316 776 1366 perunt,
807 1304 854 1349 id
885 1304 1152 1364 potissimum
1183 1305 1345 1349 Pericle
1378 1316 1546 1349 auctore
1579 1305 1735 1350 factum
1763 1316 1824 1350 est
1854 1304 1989 1363 (Ptuc
2011 1306 2103 1350 Per.
2124 1307 2195 1351 11.
2226 1322 2361 1366 praec.

613 1367 719 1428 reip.
751 1383 836 1427 ger.
866 1367 981 1424 15.):
1024 1366 1099 1427 qui
1129 1366 1299 1426 quidem
1332 1367 1385 1411 ab
1420 1366 1486 1410 Ol.
1503 1368 1736 1421 LXXXIII,
1767 1367 2000 1412 :tuomum
2039 1367 2157 1412 solus
2195 1385 2365 1429 rempuo-

614 1430 770 1476 blicam
798 1428 1059 1475 Athenarum
1086 1428 1322 1488 gubernare
1353 1428 1488 1490 coepit
1519 1428 1647 1486 (Plut.
1663 1429 1756 1475 Per.
1772 1429 1813 1472 6.
1846 1428 2052 1483 Thuc.11,
2079 1431 2195 1488 65.)‚
2227 1446 2364 1492 neque

614 1504 753 1538 tamen
793 1503 1036 1552 propterea,
1087 1490 1204 1551 quod
1247 1490 1301 1535 ab
1344 1490 1416 1535 illo
1460 1490 1598 1535 coloni
1637 1490 1825 1534 Thurios
1871 1490 2073 1535 dicuntur
2114 1492 2233 1536 missi
2274 1509 2365 1538 esse

613 1554 742 1612 (Plut.
773 1553 817 1602 11.
847 1553 933 1609 ll.)‚
971 1553 1051 1596 isto
1092 1570 1206 1596 anno
1248 1553 1422 1597 omnino
1465 1570 1513 1598 ea
1555 1552 1765 1612 expeditio
1809 1552 2018 1612 posterior
2059 1551 2256 1598 habenda
2292 1564 2367 1599 est.

612 1617 804 1676 Namque
830 1614 914 1675 jam
945 1612 1160 1676 aliquanto
1192 1624 1288 1659 ante
1314 1613 1396 1660 hoc
1423 1624 1588 1676 tempus
1615 1630 1682 1659 res
1706 1613 2027 1659 Atheniensium
2059 1615 2365 1676 propemodum

613 1678 669 1721 ad
698 1694 823 1721 suum
856 1677 1077 1719 arbitrium
1111 1677 1338 1720 direxerat:
1364 1687 1487 1736 atque
1508 1677 1625 1735 ipsae
1654 1693 1725 1721 eae
1745 1693 1825 1729 res,
1857 1676 1910 1719 de
1941 1676 2095 1736 quibus
2115 1677 2366 1722 Plutarchus

614 1740 660 1784 in
691 1739 774 1783 illis
807 1737 912 1782 locis
943 1736 1143 1797 loquitur,
1176 1748 1297 1781 antea
1329 1749 1467 1796 gestae
1495 1749 1623 1783 erant.
1686 1737 1763 1783 Illo
1784 1748 1970 1798 tempore
1991 1748 2128 1783 autem
2154 1755 2203 1784 eo
2231 1739 2366 1798 magis

616 1810 942 1847 consentaneum
975 1809 1036 1842 est
1063 1799 1341 1843 Athenienses
1374 1800 1598 1843 tetendisse
1646 1799 1702 1843 ad
1734 1800 1962 1860 potentiam
1993 1816 2112 1845 suam
2145 1817 2223 1861 per
2252 1801 2367 1845 Itali·-

616 1880 686 1909 cas
719 1863 913 1921 regiones
959 1859 1294 1906 constituendam
1338 1878 1386 1907 ac
1423 1860 1749 1920 divulgandum,
1820 1879 1922 1906 uum
1966 1860 2010 1906 in
2053 1862 2146 1923 ipsa
2189 1862 2367 1908 Graecia

614 1924 735 1971 clade
767 1940 906 1985 nuper
937 1923 993 1967 ad
1023 1924 1257 1967 Coroneam
1293 1933 1461 1982 accepta
1493 1923 1602 1966 vires
1644 1939 1743 1966 suas
1776 1939 1798 1966 a
1818 1923 2035 1982 iquautum
2067 1924 2221 1967 fractas
2249 1924 2367 1968 vide-

613 1998 717 2032 rent.
757 1987 893 2030 Thuc.
909 1988 944 2039 1,
964 1987 1069 2028 113.
1103 1984 1231 2028 Diod.
1251 1985 1345 2036 ΧΠ,
1371 1986 1411 2029 6.
1444 1984 1494 2028 cf.
1517 1984 1695 2028 Clinton.
1727 1985 1838 2028 Fast.
1864 1982 1968 2028 Hell.
1992 1995 2018 2027 t.
2035 1986 2091 2040 11,
2124 1983 2180 2029 ad
2212 2003 2248 2030 a.
2272 1985 2365 2031 447

615 2060 658 2094 et
685 2066 727 2109 p.
745 2048 852 2092 258.
883 2047 929 2090 in
975 2046 1203 2091 summario
1243 2045 1364 2090 Thuc
1396 2045 1519 2091 didis.
1581 2048 1729 2107 Itaque
1774 2045 1859 2090 acri
1893 2044 2034 2090 studio
2066 2046 2211 2100 urbis,
2259 2065 2365 2109 quae

614 2110 682 2156 sui
715 2110 822 2171 juris
851 2118 978 2161 esset,
1022 2108 1066 2152 in
1110 2107 1229 2151 Italia
1264 2064 1509 2152 condiendam
1556 2108 1699 2153 decem
1731 2123 1858 2153 naves
1898 2106 2060 2153 colonis
2092 2108 2366 2168 repleverunt,

614 2171 936 2232 Peloponnesiis
968 2186 1134 2230 quoque
1171 2187 1248 2229 per
1278 2187 1506 2230 praecones
1548 2171 1592 2214 in
1633 2169 1871 2215 societatem
1909 2169 2079 2214 vocatis.
2117 2171 2243 2215 Diod.
2265 2174 2366 2226 XII,

617 2236 676 2281 10
694 2234 745 2294 ⁶).
807 2234 924 2277 Inter
955 2248 1039 2286 eos,
1070 2231 1143 2292 qui
1171 2230 1329 2276 colonis
1358 2231 1616 2277 deducendis
1637 2231 1836 2292 praefecti
1869 2242 1980 2285 sunt,
2011 2232 2192 2292 primum
2224 2234 2364 2279 locum

615 2297 779 2343 videtur
806 2295 1038 2339 obtinuisse
1070 2295 1276 2353 Lampon,
1302 2305 1415 2338 vates
1446 2294 1514 2337 ille
1545 2294 1847 2347 nobilissimus,
1879 2305 1917 2340 et
1937 2297 2060 2352 cujus
2083 2313 2210 2355 opera
2241 2304 2363 2356 prae·

614 2360 737 2420 cipue
766 2359 811 2402 in
852 2357 1016 2402 colonia
1060 2355 1252 2401 Thurios
1285 2355 1533 2402 deducenda
1575 2355 1755 2403 Pericles
1800 2373 1902 2402 usus
1948 2373 2036 2403 esse
2071 2356 2227 2404 dicitur
2255 2357 2362 2404 Plut.

614 2420 656 2467 ll.
689 2437 749 2466 cc.
782 2418 1167 2479 Schol.‚Aristoph.
1199 2418 1276 2463 Av.
1309 2420 1415 2473 521,
1447 2436 1487 2480 p.
1503 2418 1596 2464 443
1631 2419 1762 2465 Dind.
1822 2419 1887 2464 De
1918 2418 1999 2462 hoc
2020 2419 2134 2473 ¹viro,
2161 2420 2214 2477 in*
2238 2437 2363 2482 quem

615 2483 765 2529 comici
793 2487 940 2542 potitae
967 2481 1078 2524 attici
1110 2481 1288 2525 maxime
1321 2481 1465 2526 odium
1491 2498 1612 2527 suum
1634 2481 1857 2541 lusumque
1888 2498 2119 2535 exercuere,
2148 2482 2200 2527 cf.
2223 2483 2363 2528 schol.

616 2543 830 2605 Aristoph.
859 2543 938 2588 Av.
963 2544 1064 2588 988.
1108 2560 1149 2602 p.
1170 2543 1261 2589 471
1292 2543 1423 2589 Dind.
1465 2543 1564 2590 Ath.
1584 2545 1696 2599 VIII,
1723 2543 1840 2598 344,
1879 2559 1913 2588 e.
1956 2540 2079 2603 plura
2124 2543 2242 2590 dabit
2283 2545 2360 2590 Th.

720 2688 763 2741 5)
806 2690 944 2727 Totam
970 2700 1053 2725 rem
1081 2687 1195 2736 plane
1221 2686 1332 2724 aliter
1359 2685 1433 2724 sibi
1462 2685 1657 2725 constitnit
1684 2684 1893 2724 Ullriehius
1913 2686 1994 2723 lib.
2016 2685 2121 2724 laud.
2148 2700 2186 2737 p.
2203 2692 2252 2725 85
2275 2700 2364 2738 sqq.

723 2757 763 2808 6)
800 2760 859 2796 Cf.
880 2759 985 2796 Eust.
1005 2756 1051 2796 ad
1080 2757 1200 2795 Dion.
1218 2757 1363 2805 Perieg.
1381 2760 1472 2802 373,
1498 2769 1521 2793 a
1549 2769 1628 2806 quo
1654 2754 1977 2794 Lacedaemonios
2004 2768 2160 2806 quoque
2188 2757 2362 2794 coloniae

614 2808 742 2849 socios
780 2811 993 2859 perhiberi,
1031 2823 1081 2847 ne
1107 2810 1291 2847 moreris:
1328 2809 1654 2852 Lacedaemqnios
1681 2809 1800 2854 enim,
1841 2821 2072 2858 quamquam
2099 2809 2251 2856 publice
2278 2821 2362 2845 eam

614 2863 835 2952 weitai-*tatem
866 2861 1188 2907 detrectaverant,
1222 2861 1379 2909 cingulis
1406 2868 1500 2910 puta
1524 2861 1739 2900 facultatem
1765 2860 1985 2912 praebuisse
2014 2861 2168 2899 nomina
2194 2860 2363 2903 subscri·

611 2916 687 2954 ben
717 2914 745 2953 i.
1343 2930 1345 2933 ’
1854 2929 1857 2932 ·
