2824 3634
1456 304 1523 350 10

622 421 706 466 bus
745 421 873 464 Lanm
917 428 955 461 et
996 416 1193 460 Scidrum
1237 431 1446 459 recessum
1496 416 1795 476 permiserant,
1843 434 1877 462 c.
1909 417 1976 462 01.
2002 419 2190 463 LXXVI.
2222 416 2361 461 denuo

623 483 777 528 bellum
816 479 1017 523 intulisse.
1080 477 1211 536 Quod
1244 478 1458 538 quomodo
1491 479 1543 522 iis
1569 478 1760 531 cesserit,
1791 477 1835 521 in
1866 494 1936 531 ea,
1970 498 2096 539 quam
2126 497 2254 542 supra
2285 496 2363 524 no·

623 544 814 595 tavimus,
846 552 1063 585 auctorum
1098 540 1311 585 discordia
1339 541 1467 585 hodie
1497 540 1714 585 enucleare
1745 557 1832 584 non
1863 556 2101 600 possumus.
2160 543 2365 589 Videntur

623 604 737 649 haud
766 603 943 648 multum
976 602 1187 656 effecisse,
1229 614 1337 648 certe
1370 603 1588 667 Sybaritas
1616 621 1704 647 non
1735 601 1859 664 plane
1888 616 2197 663 oppresserunt.
2258 606 2365 649 Nam

623 666 690 710 Ol.
712 668 909 718 LXXXI,
940 666 982 710 4.
1007 665 1236 710 Thessalus
1266 666 1462 725 quidam,
1493 666 1578 710 sive
1609 665 1799 710 Thessali
1831 666 2071 726 (utrumque
2098 681 2146 709 ex
2172 667 2365 713 Diodoro

622 731 699 782 XI,
726 730 800 773 90.
834 739 874 773 et
902 730 999 783 XII,
1033 729 1124 785 10.)
1156 738 1330 771 veterem
1361 728 1558 790 Sybarim
1601 728 1937 773 instauraverunt
1967 745 2061 771 cum
2094 727 2170 782 iis,
2214 729 2285 787 qui
2318 745 2367 772 ex

626 791 807 851 pristina
853 790 972 834 clade
1012 800 1269 849 supererant.
1342 790 1463 834 Nova
1496 790 1598 833 urbs
1632 807 1679 833 ex
1711 790 1789 834 soli
1823 790 2009 833 ubertate
2042 789 2227 834 celeriter
2260 788 2367 833 laeta

629 853 887 897 incrementa
930 850 1061 911 cepit:
1104 850 1179 894 sed
1213 850 1478 893 Crotoniatae
1517 851 1665 894 veteris
1697 851 1784 894 odii
1826 868 1913 895 non
1955 851 2072 895 obliti
2110 861 2222 895 sexto
2255 866 2367 893 anno

627 924 724 974 post
763 914 929 971 (iterum
963 911 1166 954 differunt
1195 912 1373 954 Diodori
1406 912 1486 954 loci
1519 914 1593 964 XI,
1624 915 1696 955 90.
1726 924 1765 955 et
1793 914 1894 963 XII,
1920 914 2012 965 10.‚
2042 913 2111 957 ille
2129 913 2203 965 VI,
2231 912 2299 956 hic
2329 914 2368 955 V

628 991 762 1018 annos
796 973 1018 1017 exhibens:
1061 973 1275 1033 quomodo
1305 989 1402 1016 vero
1435 972 1524 1017 fieri
1562 973 1719 1034 possit,
1757 983 1802 1017 ut
1836 989 1883 1016 ex
1912 972 2088 1027 lacuna,
2128 990 2235 1033 quae
2260 973 2370 1017 inter

629 1036 698 1082 Ol.
716 1037 911 1089 LXXXI,
931 1035 973 1080 4.
1000 1045 1039 1079 et
1062 1036 1277 1089 LXXXII,
1298 1039 1340 1079 2.
1373 1035 1487 1096 apud
1516 1036 1750 1080 Diodorum
1782 1035 2021 1090 intercedit,
2052 1053 2099 1080 ea
2132 1034 2370 1079 differentia

628 1098 875 1158 explicetur,
907 1098 954 1142 id
986 1099 1101 1158 quod
1139 1098 1304 1142 videtur
1334 1098 1629 1158 Wesselingio
1668 1099 1723 1143 ad
1755 1100 1851 1152 XII,
1886 1099 1980 1151 10.‚
2021 1097 2191 1142 difficile
2223 1109 2285 1142 est
2315 1096 2371 1141 ad

627 1160 965 1219 intelligendum)
1006 1160 1153 1203 iterum
1188 1160 1405 1222 Sybaritas
1449 1161 1548 1204 inde
1586 1161 1832 1220 expulerunt
1864 1160 1931 1204 Ol.
1951 1162 2185 1212 LXXXIII,
2216 1164 2258 1203 2.
2321 1161 2371 1202 In

630 1241 715 1284 quo
740 1223 907 1294 Heynio
933 1221 1039 1266 illud
1071 1224 1162 1282 jure
1187 1222 1340 1266 mirum
1372 1221 1550 1276 videtur,
1581 1223 1696 1284 quod
1723 1222 1986 1268 Crotoniatae
2017 1240 2103 1267 non
2135 1221 2216 1282 ipsi
2248 1236 2372 1279 agros

630 1285 915 1330 feracissimos
948 1282 1061 1328 cultu
1093 1283 1155 1327 vel
1187 1283 1346 1328 colonis
1379 1301 1583 1344 occupare
1614 1285 1847 1329 maluerint.
1899 1285 1985 1328 Sed
2011 1284 2203 1345 equidem
2230 1284 2374 1337 miror,

632 1347 770 1390 virum
802 1345 1138 1396 Celeberrimum,
1170 1362 1297 1403 quum
1331 1345 1400 1387 illa
1431 1346 1643 1397 scriberet,
1672 1363 1757 1388 non
1790 1345 1993 1401 cogitasse
2025 1347 2078 1388 de
2108 1346 2202 1388 loco
2229 1346 2373 1388 claris-

632 1409 743 1452 simo
778 1406 991 1466 Apollonii
1033 1422 1098 1465 ap.
1131 1404 1284 1449 Jambl.
1317 1407 1392 1458 35,
1422 1406 1460 1462 §.
1481 1407 1608 1459 255„
1651 1405 1726 1450 ubi
1759 1405 1913 1466 Sybari
1953 1417 2074 1465 capta
2117 1423 2217 1463 ager
2263 1404 2372 1449 bello

633 1479 794 1530 partuS,
827 1484 956 1528 quum
985 1483 1070 1510 non
1100 1484 1121 1511 e
1148 1466 1358 1510 voluntate
1380 1466 1513 1526 plebis
1542 1464 2002 1529 κατεκληρουχήθη,
2033 1466 2119 1510 odii
2150 1467 2195 1510 in
2220 1466 2375 1529 Pytha-

634 1547 785 1588 goreos
828 1530 1082 1588 erumpentis
1125 1529 1280 1572 dicitur
1308 1546 1433 1571 causa
1472 1528 1614 1571 fuisse.
1676 1530 1822 1588 ltaque
1855 1528 1929 1572 etsi
1957 1546 2042 1572 non
2076 1528 2168 1587 ipsa
2199 1539 2375 1574 veterem

636 1591 834 1663 Sybarim
876 1591 1031 1636 arctius
1083 1589 1419 1647 circumjacentia
1466 1589 1560 1633 loca
1604 1588 1868 1634 incoluerunt
1907 1590 2192 1641 Crotoniatae,
2236 1601 2374 1634 tamen

636 1654 854 1705 wdemus,
896 1669 1043 1712 agrum
1076 1651 1372 1713 Sybaritanum
1407 1667 1454 1693 ex
1488 1651 1626 1711 aliqua
1659 1663 1776 1711 parte
1817 1652 2043 1696 victoribus
2086 1652 2269 1697 cessisse.
2313 1651 2374 1695 Cf.

641 1717 694 1760 O.
716 1715 905 1759 Mueller.
940 1715 983 1757 in
1016 1714 1109 1757 hist.
1141 1713 1332 1756 Doriens.
1360 1714 1416 1764 Π,
1453 1713 1555 1757 180.
1618 1714 1795 1759 Krische
1836 1714 1888 1758 de
1928 1732 2012 1759 soc.
2044 1731 2067 1758 a
2100 1714 2221 1786 Pyth.
2252 1713 2375 1760 cond.

638 1796 678 1838 p.
708 1779 779 1822 93.
842 1775 959 1820 Alias
989 1775 1078 1835 ejus
1110 1784 1250 1835 partes
1285 1773 1338 1817 ab
1371 1773 1446 1826 iis,
1488 1774 1561 1834 qui
1597 1786 1690 1819 ante
1724 1776 2012 1838 Sybaritarum
2045 1776 2266 1835 imperium
2299 1792 2376 1819 suo

637 1841 728 1900 jure
755 1854 823 1883 eas
850 1837 1140 1902 possederant,
1172 1836 1404 1881 vindicatas
1437 1851 1525 1878 esse
1557 1835 1673 1879 haud
1703 1837 1809 1881 falso
1841 1837 2160 1896 suspicabimur.

1333 1963 1366 2003 C
1392 1978 1418 2003 Α
1444 1979 1469 2002 1»
1495 1977 1522 2003 u
1547 1979 1574 2004 ἰ’
1626 1963 1683 2003 11.

1020 2044 1096 2085 DE
1137 2045 1386 2086 COLONIA
1428 2047 1681 2087 THURIOS
1719 2047 2004 2088 DEDUCTA.

763 2141 986 2206 Sybaritae
1018 2142 1168 2185 iterum
1201 2144 1335 2202 patria
1366 2143 1525 2204 expulsi
1556 2143 1912 2188 Lacedaemonem
1945 2155 1984 2189 et
2010 2144 2195 2189 Athenas
2219 2141 2377 2201 legatos

640 2205 858 2259 miserunt,
886 2204 959 2265 qui
991 2204 1151 2248 reditus
1177 2216 1299 2266 atque
1328 2204 1445 2251 urbis
1475 2205 1613 2250 denuo
1646 2206 1960 2251 constituendae
1992 2206 2189 2251 auxilium
2220 2204 2378 2249 socios·

644 2285 725 2329 que
759 2277 1004 2327 expeterent.
1069 2266 1198 2325 Quod
1231 2285 1360 2327 quum
1402 2286 1426 2312 a
1466 2269 1806 2313 Lacedaemoniis
1847 2270 2068 2329 impetrare
2099 2285 2186 2313 non
2217 2266 2378 2327 potuis-

645 2340 760 2381 sent,
800 2328 1006 2372 faciliores
1047 2345 1090 2372 se
1132 2330 1329 2389 precibus
1370 2347 1514 2374 eorum
1555 2331 1840 2391 praebuerunt
1878 2331 2189 2381 Athenienses,
2222 2328 2377 2390 quippe

645 2391 718 2452 qui
751 2390 836 2450 jam
868 2401 953 2434 tum
988 2389 1116 2434 ardua
1150 2390 1220 2435 illa
1254 2391 1427 2437 consilia
1457 2392 1676 2438 videantur
1707 2392 1837 2437 moliti
1867 2410 1977 2446 esse,
2018 2409 2123 2453 quae
2157 2390 2209 2434 de
2238 2399 2377 2452 poste-

644 2454 756 2498 riore
792 2464 979 2513 tempore
1018 2453 1240 2497 memoriae
1280 2455 1448 2514 prodita
1489 2466 1586 2499 sunt
1627 2455 1856 2508 Thuc.V1‚
1888 2457 1960 2499 90.
1992 2454 2082 2499 coll.
2107 2451 2231 2498 Diod.
2261 2453 2379 2503 X111,

644 2520 688 2560 2.
717 2518 793 2565 30,
825 2525 864 2560 et
899 2530 1006 2575 quae
1034 2513 1116 2572 jam
1147 2514 1293 2559 callide
1324 2517 1548 2575 attigerunt
1581 2518 1908 2578 Corcyraeorum
1938 2516 2058 2576 legati
2089 2516 2223 2561 Thuc.
2249 2516 2281 2568 I,
2305 2513 2380 2558 36.

647 2581 750 2636 (τῆς
770 2596 826 2627 τε
847 2576 944 2639 γοὶρ
962 2574 1177 2626 Ἰταλίας
1200 2576 1285 2626 καὶ
1303 2578 1532 2629 Σικελίας
1557 2582 1721 2629 καλῶς
1738 2581 1994 2642 παράπλου
2017 2583 2170 2629 κεῖται
2197 2596 2241 2627 κ.
2256 2575 2380 2633 πλ.)

650 2640 702 2683 cf.
727 2640 802 2684 44.
833 2651 872 2684 et
900 2639 1008 2684 Plut.
1042 2639 1133 2683 Per.
1158 2643 1232 2684 20.
1293 2642 1438 2702 Itaque
1477 2641 1674 2686 auxilium
1707 2658 1828 2686 suum
1869 2641 2039 2703 polliciti
2080 2641 2221 2686 decem
2252 2652 2378 2683 naves

652 2711 938 2746 exstruxerunt
970 2700 1128 2746 colonis
1161 2702 1433 2759 deducendis,
1465 2705 1619 2766 quibus
1653 2715 1692 2749 et
1724 2703 1823 2749 alios
1854 2704 2154 2766 praefecerunt,
2186 2712 2226 2747 et
2253 2703 2378 2745 Lam-

583 2784 586 2786 ·
650 2779 806 2824 ponem
849 2773 979 2806 vatem
1022 2763 1353 2809 nobilissimum:
1413 2778 1624 2826 praeterea
1666 2766 1956 2827 Peloponnesii
1996 2766 2155 2810 invitati
2196 2773 2294 2808 sunt
2333 2763 2378 2806 in

650 2826 888 2870 societatem
921 2823 1164 2869 condendae
1196 2825 1395 2882 coloniae,
1427 2846 1604 2889 quorum
1634 2828 1751 2874 multi
1780 2830 1950 2874 nomina
1983 2827 2146 2872 dedere.
2179 2853 2237 2863 —-
2270 2824 2377 2870 Urbi
