2825 3674
1458 322 1528 367 86

1231 561 1814 621 Epimetrum.'

732 809 1065 849 Commentatione
1104 822 1189 848 mea
1222 812 1300 859 jam
1335 811 1446 861 prelo
1483 809 1712 850 demandata
1748 807 1790 847 in
1817 807 1914 848 duos
1948 807 2065 848 incidi
2097 809 2271 857 libellos,
2306 812 2374 861 qui

626 876 753 912 nuper
788 862 879 899 editi
917 875 979 897 res
1018 862 1211 899 Thurinae
1249 863 1475 910 attigerunt,
1521 871 1559 899 et
1596 876 1693 912 quos
1732 869 1845 898 antea
1878 874 1939 898 me
1971 863 2110 911 fugisse
2141 875 2374 911 magnopere

628 914 753 953 doleo.
805 915 866 952 Ex
894 926 1060 963 quorum
1088 915 1219 961 altero,
1246 914 1511 954 Lorentzii
1542 914 1627 954 dico
1656 913 1932 964 disquisitionis
1959 913 2007 953 de
2036 924 2207 955 veterum
2229 915 2377 953 Taren-

624 967 798 1005 tinorum
823 967 939 1004 rebus
970 969 1080 1016 gestis
1115 968 1307 1017 specimen
1332 969 1370 1016 1,
1407 968 1620 1007 Luccaviae
1655 971 1786 1012 1838„
1825 979 1871 1003 ea
1896 968 2060 1005 maxime
2093 968 2141 1005 ad
2169 981 2230 1006 me
2257 968 2378 1018 perti-

625 1026 818 1064 nuerunt,
858 1033 956 1069 quae
991 1018 1037 1056 de
1070 1019 1272 1058 Siritarum
1310 1030 1346 1059 et
1373 1021 1684 1059 Heracleensium
1720 1020 1837 1058 rebus
1865 1017 2075 1069 disputavit
2110 1020 2160 1059 V.
2186 1020 2258 1059 D.:
2299 1033 2378 1069 quo

627 1071 724 1110 duce
760 1071 902 1118 multa,
942 1085 1041 1122 quae
1081 1071 1127 1111 de
1161 1071 1321 1112 historia
1358 1087 1491 1113 eorum
1528 1073 1652 1120 sensi,
1695 1071 1907 1112 accuratius
1945 1071 2048 1122 apud
2085 1085 2146 1111 me
2187 1072 2380 1112 constitui.

624 1123 793 1161 Videtur
820 1125 923 1160 enim
950 1125 1138 1173 imprimis
1167 1126 1233 1171 iis,
1269 1139 1368 1175 quae
1396 1126 1443 1163 de
1469 1126 1593 1163 Siritis
1621 1124 1761 1163 tradita
1791 1132 1881 1162 sunt
1906 1125 2008 1174 apud
2034 1133 2185 1163 veteres
2214 1132 2250 1162 et
2280 1138 2378 1174 quae

627 1173 677 1213 ad
708 1175 813 1213 hunc
847 1188 972 1225 usque
1008 1176 1109 1214 diem
1145 1178 1315 1216 tenebris
1351 1178 1482 1216 multis
1524 1177 1650 1216 offusa
1684 1178 1881 1225 jacebant,
1913 1177 2039 1215 lucem
2063 1177 2168 1215 haud
2197 1175 2375 1226 exiguam

624 1228 806 1264 attulisse.

732 1280 864 1316 Altera
896 1286 953 1316 est
986 1280 1174 1317 Meieri
1214 1281 1543 1319 commentationis
1570 1281 1622 1318 V.
1646 1279 1694 1317 de
1720 1278 1931 1318 Andocidis
1966 1294 2066 1330 quae
2103 1281 2220 1329 vulgo
2257 1281 2382 1318 Iertur

629 1329 806 1369 oratione
835 1338 969 1369 contra
995 1331 1228 1369 Alcibiadem
1255 1334 1441 1380 particula
1467 1334 1540 1377 vl,
1575 1332 1684 1367 Halis
1720 1336 1834 1367 1838.
1897 1330 2006 1376 Quae
2033 1346 2153 1382 quum
2185 1333 2267 1369 fere
2302 1339 2382 1370 tota

629 1384 670 1420 in
700 1384 818 1420 rebus
843 1384 1081 1419 Thuriorum
1109 1391 1306 1430 versetur,
1342 1382 1539 1421 occasione
1573 1383 1622 1419 ab
1653 1380 1865 1420 Andocidis
1898 1383 1985 1421 loco
2010 1383 2039 1432 §.
2058 1387 2120 1421 12.
2143 1384 2284 1434 petita,
2319 1384 2381 1421 hic

629 1437 826 1473 nonnulla
853 1436 1259 1482 commemorabimus,
1294 1434 1342 1473 de
1370 1437 1511 1485 quibus
1543 1447 1643 1484 quae
1681 1446 1799 1483 supra
1840 1433 2031 1482 diximus,
2084 1449 2188 1474 nunc
2224 1448 2382 1486 quoque

628 1494 763 1525 contra
801 1487 1128 1525 commentationis
1156 1494 1352 1525 auctorem
1384 1495 1575 1524 tueamur.
1629 1486 1768 1537 Neque
1796 1485 1898 1523 enim
1927 1487 2077 1524 Meiero
2105 1488 2314 1533 assentior,
2342 1488 2382 1524 in

627 1541 715 1577 loco
741 1539 940 1577 Plutarchi
966 1540 1101 1577 Pericl.
1126 1541 1188 1578 11.
1217 1536 1367 1583 ἄλλους
1396 1535 1434 1579 δ’
1454 1541 1513 1582 εἰς
1542 1533 1731 1579 Ἰταλίαν
1753 1553 1790 1578 κ.
1803 1552 1840 1578 τ.
1855 1537 1892 1578 λ.
1920 1535 2118 1585 ἄλλους
2150 1539 2247 1577 nihil
2277 1539 2382 1578 aliud

628 1591 853 1640 significare,
881 1603 997 1641 quam
1025 1591 1188 1640 ἑτέρους
1214 1588 1459 1634 τοσούτουςε
1486 1591 1548 1627 cui
1576 1591 1729 1638 linguae
1755 1602 1911 1637 graecae
1940 1603 2032 1629 usus
2061 1603 2220 1641 prorsus
2244 1593 2383 1630 obstat.

630 1643 784 1681 Deinde
826 1652 1009 1690 corrupta
1047 1656 1129 1679 esse
1164 1643 1293 1679 Photii
1327 1645 1446 1680 verba
1482 1645 1521 1680 οἱ
1560 1640 1603 1680 δὲ
1639 1642 1694 1691 τῷ
1723 1640 1922 1681 Χαλκιδεῖ
1946 1642 2164 1692 Διονυσίῳ,
2201 1652 2380 1693 recteque

633 1693 836 1735 emendata
863 1708 886 1732 a
914 1694 1004 1732 VV.
1029 1693 1122 1731 DD.
1150 1693 1205 1745 τῷ
1240 1693 1374 1747 χαλκῷ
1399 1693 1445 1733 Λ.
1472 1693 1634 1731 firmiter
1659 1700 1792 1741 tene03
1832 1693 2003 1733 Meierus
2037 1694 2133 1734 duos
2171 1694 2381 1746 Dionysios

632 1749 734 1785 inter
760 1746 976 1784 conditores
1002 1746 1239 1782 Thuriorum
1267 1745 1383 1781 fuisse
1410 1745 1552 1790 statuit,
1582 1745 1741 1781 alterum
1769 1747 1993 1793 cognomine
2018 1748 2203 1794 Aeaeum,
2231 1747 2383 1787 Chalci-

632 1799 788 1836 densem
822 1798 997 1834 alterum.
1059 1796 1239 1845 Denique
1274 1795 1321 1832 de
1351 1797 1472 1834 altero
1508 1809 1663 1846 quoque
1696 1797 1823 1834 Photii
1856 1799 1942 1835 loco
1971 1795 2095 1850 ᾤ’γετο
2121 1797 2291 1848 (Lysias)
2320 1796 2383 1848 ἐφ’

630 1842 662 1902 ᾧ
684 1848 761 1889 «τοῦ
785 1846 977 1898 πατρῴου
1001 1855 1222 1900 μετασχεῖν
1248 1844 1398 1898 κλήρου
1425 1849 1642 1884 etiamnunc
1669 1848 1762 1883 mihi
1788 1840 2033 1886 verisimilior
2057 1851 2229 1894 videtur,
2266 1863 2382 1900 quam

632 1913 703 1950 ego
733 1901 913 1951 adoptavi
939 1901 1188 1946 sententiam,
1225 1912 1340 1949 quam
1369 1910 1467 1947 quae
1497 1899 1667 1935 Meierus
1693 1900 1854 1944 conjecit
1879 1904 2087 1939 not.216.:
2130 1902 2382 1939 Athenienses

631 1954 795 1992 similem
830 1952 1025 2002 quandam
1062 1959 1177 2001 atque
1217 1950 1436 1987 Corinthios
1474 1949 1612 2000 (Thuc.
1638 1951 1675 1995 1,
1701 1949 1783 1999 28.)
1823 1959 2046 2001 potestatem
2086 1952 2257 1996 dedisse,
2296 1966 2382 1991 cum

632 2006 806 2042 Thurios
841 2005 1034 2042 mitterent
1068 2002 1279 2049 coloniam3
1321 2002 1534 2050 Cephalum
1570 2003 1686 2051 igitur
1720 2015 1806 2039 cum
1846 2005 2041 2042 confectus
2080 2007 2187 2044 senio
2223 2007 2382 2045 Athenis

632 2068 836 2095 remanere
874 2056 1025 2099 mallet,
1066 2057 1265 2092 num'erata
1302 2055 1464 2103 pecunia
1500 2062 1642 2092 sortem
1683 2054 1850 2104 aliquam
1887 2056 2065 2105 assignati
2100 2057 2267 2095 Thurini
2303 2058 2383 2106 agri

634 2117 789 2147 nactum
817 2121 919 2153 esse,
954 2116 1068 2156 atque
1096 2120 1142 2145 eo
1167 2115 1346 2151 mortuo,
1383 2114 1427 2144 ut
1460 2107 1500 2144 in
1529 2108 1630 2156 hujus
1654 2111 1753 2145 sortis
1787 2115 1935 2155 partem
1970 2109 2172 2157 venirent,
2209 2110 2307 2148 filios
2334 2123 2381 2149 eo

634 2162 771 2200 abisse.
822 2161 929 2198 Haec
957 2161 1037 2197 fere
1069 2161 1246 2206 fuerunt,
1285 2170 1383 2209 quae
1414 2159 1525 2195 nobis
1559 2159 1698 2195 Meieri
1736 2158 1908 2198 libellum
1943 2161 2156 2211 legentibus
2188 2162 2313 2200 statim
2341 2174 2381 2200 se

636 2216 880 2259 obtulerunt;
916 2214 959 2250 in
995 2213 1136 2261 quibus
1177 2219 1373 2260 praeterea
1399 2212 1451 2249 V.
1476 2212 1527 2249 D.
1554 2225 1577 2250 a
1610 2213 1723 2250 nobis
1759 2212 1958 2252 dissentire
1992 2215 2298 2263 observavimus,
2337 2229 2380 2253 ea

630 2264 788 2305 levioris
812 2271 902 2305 sunt
930 2264 1125 2305 momenti.
