2905 3687
1480 324 1550 372 Μ

766 441 959 499 Denique
987 437 1091 481 haec
1152 452 1291 497 noque
1320 435 1385 481 lex
1417 435 1668 482 Charondae
1689 435 1759 480 hic
1780 441 2146 487 commemoranda
2178 452 2250 495 est,
2276 458 2383 504 quae

642 520 786 551 omnes
818 501 970 546 civium
1000 499 1110 543 filios
1123 453 1352 544 ‘literarum
1384 498 1586 545 elementa
1605 498 1769 544 edoceri
1784 498 1931 558 jussit,
1961 505 2171 561 magistris
2191 504 2384 550 ludorum

643 565 809 628 publice
841 562 1088 608 constitutis.
1132 561 1349 606 Diodorus
1369 563 1466 616 X11,
1499 564 1570 606 12.
1604 563 1673 607 13.
1713 560 1943 606 Wachsm.
1974 563 2134 609 hellen.
2151 570 2248 615 Ait.
2268 569 2321 621 II,
2345 571 2388 620 2,

641 645 683 689 p.
704 625 811 671 454.
874 623 1018 668 Simile
1048 623 1153 684 quid
1185 623 1452 685 temporibus,
1489 624 1571 668 illis
1604 624 1705 668 alias
1741 622 1897 666 factum
1940 639 2052 677 esse,
2087 642 2175 668 non
2207 639 2387 673 constat:

642 691 728 733 imo
759 688 937 739 scimus,
977 702 1002 729 a
1033 685 1188 730 Solone
1217 686 1263 729 id
1291 687 1491 729 omissum
1523 703 1634 740 esse,
1672 685 1745 746 qui
1787 683 2103 744 diligentissime
2150 686 2203 730 de
2234 691 2388 734 scholis

644 749 1034 807 ludimagistrorum
1084 747 1316 792 constituit:
1368 764 1404 790 v.
1432 747 1629 792 Aeschin.
1663 765 1696 793 c.
1729 746 1939 791 Timarch.
1970 748 2007 805 ἓ.
2028 749 2055 792 9
2083 765 2172 809 sqq.
2244 750 2390 810 Itaque

645 812 697 858 de
731 829 780 857 ea
812 811 903 870 lege
937 809 1186 854 Charondae
1227 808 1401 853 multum
1435 809 1641 854 dubitavit
1675 809 1728 854 Ο.
1759 808 1987 853 Muellerus
2013 810 2077 863 (in
2104 809 2264 865 libello,
2306 828 2391 872 quo

647 876 803 932 Georg.
833 873 1048 929 Augustae
1080 881 1246 914 nostrae
1277 887 1395 914 sacra
1429 871 1657 915 saecularia
1688 870 1937 914 celebranda
1966 872 2235 926 indicuntur,
2265 889 2309 932 p.
2327 873 2393 931 4.)

646 936 843 994 illamque
870 943 916 977 ut
945 932 1075 977 multa
1109 931 1189 977 alia
1216 932 1269 977 ab
1302 933 1607 978 recentioribus
1634 931 1834 993 sophistis
1867 932 1904 976 ei
1928 931 2066 979 afficta
2097 952 2187 979 esse
2220 934 2394 989 censuit,

648 997 722 1058 qui
755 1012 845 1039 eam
879 1011 1019 1038 rerum
1062 994 1327 1053 publicarum
1371 994 1573 1050 sormam,
1611 1011 1716 1055 quae
1760 993 1864 1054 ipsis
1907 994 2106 1054 placeret,
2145 996 2395 1040 Charondae

653 1057 897 1104 auctoritate
930 1056 1224 1101 commendare
1257 1055 1482 1101 studerent.
1546 1056 1663 1102 Idem
1693 1056 1817 1101 sentit
1849 1054 2105 1102 CtBoeckh.
2134 1057 2179 1102 in
2196 1060 2394 1103 Staatsh.

648 1123 681 1167 I.
709 1137 749 1180 p.
776 1122 900 1165 133.:
945 1121 1113 1162 Dieses
1158 1121 1320 1161 Gesetz
1363 1121 1587 1163 schmeckt
1627 1122 1758 1163 stark-
1799 1121 1920 1162 nach
1959 1122 2060 1163 dem
2106 1123 2395 1164 alexandrin.

651 1184 887 1226 Zeitalter.
951 1178 1073 1236 Quae
1119 1179 1170 1222 de
1213 1178 1538 1223 Massiliensium
1582 1191 1622 1223 et
1659 1178 1877 1223 Gallorum
1915 1179 2113 1225 institutis
2149 1180 2303 1225 Strabo
2322 1182 2397 1234 IV,

651 1260 692 1304 p.
714 1243 817 1288 180.
849 1240 1008 1293 scribit,
1040 1240 1095 1284 ad
1127 1241 1400 1300 posteriorem
1431 1252 1603 1285 aetatem
1636 1241 1858 1301 pertinent.

777 1303 1015 1362 Singularis
1051 1313 1112 1346 est
1143 1303 1384 1347 Philostrati
1411 1303 1528 1348 locus
1568 1304 1620 1347 de
1651 1305 1722 1348 vit.
1752 1303 1946 1363 Apollon.
1979 1321 2044 1364 ap.
2075 1305 2274 1349 Photium
2304 1305 2399 1351 cod.

653 1368 762 1418 241,
790 1383 831 1425 p.
851 1366 955 1409 326.
994 1364 1186 1414 Becker.‚
1234 1364 1417 1406 Thurios
1453 1365 1656 1406 Indorum
1710 1380 1759 1407 ae
1805 1364 2233 1409 Lacedaemoniorum
2283 1383 2399 1410 more

655 1427 829 1488 capillos
854 1424 1105 1486 promittere.
1167 1423 1481 1469 Dubitationem
1515 1425 1651 1485 injicit
1682 1441 1748 1468 res
1775 1424 1904 1479 mira,
1940 1443 2032 1469 mos
2060 1426 2293 1487 Spartanus
2326 1427 2399 1484 (de

655 1507 741 1551 quo
776 1489 829 1533 Ο.
858 1486 1000 1532 Muell.
1041 1487 1166 1530 Dorr.
1200 1487 1250 1530 11.
1282 1504 1322 1547 p.
1341 1490 1446 1532 270.
1490 1487 1792 1540 Wachsm.ll‚
1817 1490 1862 1531 2.
1889 1504 1930 1548 p.
1952 1488 2068 1548 34),
2120 1489 2176 1532 ad
2215 1489 2400 1534 Thurios

654 1551 900 1596 translatus:
931 1565 1018 1591 non
1047 1558 1184 1608 potest
1212 1565 1298 1591 non
1326 1550 1470 1592 vitium
1500 1549 1559 1592 illi
1586 1549 1679 1593 loco
1707 1550 1844 1593 inesse
1863 1550 1916 1607 ⁵).

785 1612 1034 1658 Civitatibus
1064 1629 1241 1669 magnae
1269 1613 1472 1656 Graeciae
1503 1613 1589 1656 fere
1612 1613 1821 1666 omnibus,
1853 1629 1959 1672 quae
1989 1611 2134 1656 eadem
2164 1612 2253 1671 agri
2277 1612 2403 1657 uber-

658 1686 755 1728 tate,
786 1674 890 1719 coeli
922 1673 1105 1726 lenitate,
1135 1684 1393 1717 mercaturae
1423 1673 1615 1718 felicitate
1659 1674 1904 1727 utebantur,
1941 1674 2174 1718 invenimus
2203 1673 2405 1718 accidisse

660 1749 709 1782 ut
740 1738 838 1780 luxu
873 1734 1124 1780 diffluerent.
1185 1734 1247 1777 Ex
1276 1736 1428 1795 quibus
1461 1736 1680 1798 Sybaritae
1713 1746 1750 1779 et
1778 1736 1928 1779 Siritae
1963 1746 2061 1779 sunt
2091 1736 2316 1780 notissimi:
2353 1732 2405 1780 de

662 1799 811 1845 ceteris
845 1796 1058 1856 complura
1088 1797 1298 1854 congessit
1326 1796 1556 1842 Wachsm.
1585 1800 1686 1842 hell.
1714 1800 1809 1843 Alt.
1834 1799 1866 1851 Ι,
1892 1802 1936 1851 2,
1967 1799 2074 1843 326.
2100 1797 2152 1842 ef.
2179 1798 2232 1843 O.
2262 1797 2406 1846 Muell.

660 1861 860 1913 Dorr.ll‚
888 1858 998 1905 418.
1068 1858 1132 1904 De
1174 1858 1346 1904 Thuriis
1390 1859 1566 1904 fortasse
1620 1858 1733 1903 idem
1786 1871 1936 1919 arguat
1978 1859 2210 1918 Metagenis
2261 1859 2405 1904 fabula

661 1922 1016 1990 Θουριοπέρσαι,
1050 1921 1124 1979 >cui
1153 1938 1309 1965 nomen
1342 1922 1588 1982 inscriptum
1623 1938 1710 1965 esse
1742 1932 1928 1967 statuunt
1956 1938 1980 1965 a
2008 1922 2196 1965 moribus
2224 1921 2405 1967 Thurio-

661 2004 758 2032 rum
791 1997 831 2029 et
859 1986 1083 2028 Persarum
1119 1983 1178 2026 ibi
1221 1984 1483 2044 comparatis.
1543 1983 1780 2041 Schweigh.
1813 1984 1868 2028 ad
1899 1982 2082 2035 Ath.V1‚
2109 1985 2216 2037 269,
2248 2000 2282 2029 e.
2323 1985 2404 2028 Lo·

664 2048 784 2093 beck.
819 2045 1000 2105 Paralip.
1027 2062 1068 2105 p.
1090 2045 1185 2088 78:
1240 2048 1267 2089 i.
1297 2062 1337 2104 q.
1375 2048 1536 2090 Thurii
1573 2043 1871 2109 περσίζοντες.
1934 2045 1995 2089 Cf.
2022 2045 2203 2090 Meinek.
2232 2057 2403 2106 quaestt.

664 2127 776 2155 scen.
791 2112 846 2162 11,
872 2124 913 2168 p.
935 2110 1008 2151 53.
1072 2106 1194 2164 Quae
1222 2122 1320 2150 vero
1348 2107 1429 2152 Th.
1456 2107 1662 2166 Bergkius
1689 2108 1735 2151 in
1762 2125 1910 2152 comm.
1942 2107 1994 2151 de
2022 2106 2214 2152 comoed.v
2233 2118 2302 2152 att.
2323 2114 2430 2153 ant.'

665 2171 814 2231 reliqu.
847 2188 889 2230 p.
910 2170 966 2213 61
1003 2185 1064 2227 sq.
1096 2167 1301 2228 disputat,
1342 2170 1496 2229 quibus
1527 2169 1791 2231 comprobet,
1830 2169 1981 2214 Thurii
2013 2186 2107 2214 cum
2132 2187 2285 2229 magna
2316 2169 2407 2214 fru-

670 2251 769 2292 gum
802 2232 991 2276 ubertate
1020 2240 1058 2273 et
1085 2230 1200 2273 omni
1226 2230 1483 2292 voluptatum
1503 2232 1624 2293 copia
1657 2232 1932 2285 abundarent,
1962 2248 2093 2277 novos
2121 2231 2291 2277 colonos
2309 2249 2404 2276 mox

669 2294 830 2338 deliciis
864 2303 903 2336 et
934 2291 1183 2335 libidinibus
1209 2292 1462 2349 diffluxisse,
1494 2305 1616 2356 atque
1643 2294 1864 2355 Eupolidis
1895 2294 2095 2349 fabulam,
2124 2310 2231 2355 quae
2257 2294 2408 2338 inscri-

778 2440 819 2490 3)
857 2439 1051 2477 Accedunt
1078 2438 1156 2476 duo
1184 2438 1249 2475 alii
1274 2438 1371 2485 loci,
1411 2438 1450 2475 in
1476 2439 1615 2488 quibus
1644 2439 1777 2477 vitiose
1804 2438 1972 2477 Thurios
2000 2436 2193 2476 nominari
2216 2437 2303 2474 luce
2329 2436 2410 2474 cla-

670 2493 751 2530 rius
787 2499 857 2530 est.
919 2492 1024 2528 Alter
1060 2491 1198 2539 legitur
1234 2491 1274 2527 in
1312 2491 1505 2541 Hesychio
1543 2503 1574 2528 s.
1603 2504 1641 2528 v.
1681 2489 1856 2534 Σαννῖς·
1892 2484 2190 2541 δρυοσάνδραξ·
2225 2483 2409 2539 Θούριοι,

673 2547 768 2582 alter
794 2547 833 2581 in
861 2543 990 2581 Schol.
1017 2544 1153 2581 Aeech.
1177 2544 1282 2579 Pers.
1309 2546 1422 2580 659.:
1463 2538 1599 2593 βαλήν
1626 2538 1648 2581 ὁ
1675 2540 1868 2593 βασιλεὺς
1891 2542 2062 2593 λέγεται.
2115 2535 2338 2590 Εὐφορίων
2365 2539 2410 2579 δὲ

673 2597 770 2647 φησὶ
798 2594 985 2645 Θουρίων
1011 2593 1117 2632 εἶναι
1144 2589 1220 2644 τήν
1245 2588 1469 2633 διάλεκτον.
1518 2594 1722 2644 Phrygiam
1749 2607 1829 2632 ease
1855 2606 1988 2631 vocem
2013 2587 2164 2643 βαλήν,
2184 2591 2299 2628 hodie
2319 2591 2410 2628 satis

675 2649 854 2686 convenit
878 2648 980 2684 inter
1000 2647 1215 2683 VV.DD.:
1241 2660 1278 2682 v.
1294 2646 1461 2695 Hesych.
1485 2658 1515 2683 ι.
1536 2661 1574 2685 v.
1600 2647 1706 2685 Sext.
1733 2647 1845 2695 Emp.
1870 2644 1955 2684 adv.
1974 2645 2087 2683 math.
2114 2658 2151 2693 p.
2165 2647 2256 2682 286.
2305 2644 2412 2681 Eust.

676 2699 723 2734 ad
753 2698 828 2736 od.
858 2702 919 2736 19.
948 2712 987 2747 p.
1004 2702 1094 2734 680.
1132 2698 1219 2734 Bas.
1253 2699 1355 2734 Plut.
1383 2697 1430 2734 de
1456 2697 1548 2735 fluv.
1565 2699 1658 2745 XII,
1687 2702 1749 2736 16.
1792 2699 1892 2735 Pott.
1919 2700 2029 2748 Etym.
2053 2697 2293 2742 Forschungen
2323 2701 2411 2731 cett.

676 2749 724 2796 11,
744 2754 833 2788 272.
889 2748 950 2786 De
976 2756 1132 2787 accentu
1159 2756 1391 2787 monuerunt
1417 2749 1627 2788 Herodian.
1654 2749 1747 2800 περὶ
1772 2764 1869 2800 μον.
1893 2750 1971 2798 λὲξ.
1996 2764 2034 2800 p.
2052 2752 2114 2787 17.
2137 2747 2256 2785 Dind.
2275 2744 2411 2784 Arcad.

678 2796 929 2893 πειρὶὲῥνων
957 2805 1062 2889 ρι.9Τ
1073 2802 1235 2858 βαι-κεν.
1286 2803 1418 2890 113ψῆ
1449 2804 1496 2890 iili¹
1515 2803 1608 2862 locis
1634 2803 1708 2890 illle?
1735 2797 2004 2892 velRffpaeiyiplv
2029 2797 2316 2888 {ascribendum
2345 2805 2412 2844 est,

679 2866 724 2889 ve
811 2864 896 2901 υροι
923 2864 969 2889 ve
1059 2865 1164 2901 νριοι
1192 2864 1276 2888 cum
1342 2879 1353 2890 .
1423 2864 1468 2889 ue
1499 2865 1565 2891 ero
1589 2866 1629 2890 m
1707 2867 1761 2892 us.
1850 2867 1912 2891 en.
1993 2879 2004 2899 ,
2083 2877 2095 2889 .
