2933 3721
1463 325 1521 364 vl

610 457 714 489 non
744 442 818 489 ita
853 440 1169 522 conjunctum
1205 446 1306 501 est,
1352 445 1413 487 ut
1454 438 1578 488 bene
1615 444 1844 506 seperari
1875 448 2108 509 nequeat.
2190 440 2366 492 Caete-

610 528 724 558 rum
772 511 825 558 in
871 511 935 558 iis
944 545 964 572 ,
1017 525 1148 577 quae
1200 509 1272 557 ad
1324 513 1672 574 argumentum
1729 512 2045 561 tractandum
2090 514 2366 579 pertinent,

609 596 842 647 maqnam
873 581 1131 646 praestitit
1165 579 1483 647 diliqentiam
1529 585 1580 629 et
1611 579 1917 629 laudabilem
1958 583 2178 632 ostendit
2205 584 2371 633 eruati-

612 653 813 710 tionem,
848 667 909 697 ac
942 651 1006 698 de
1038 650 1213 698 multis
1247 650 1423 713 rebus,
1460 651 1579 698 dum
1610 652 1767 716 paulo
1804 651 2011 700 liberius
2043 669 2140 717 per
2174 671 2372 720 campos

608 720 963 769 historicarum
1021 723 1367 789 quaestionum
1413 725 1657 787 vaqatur,
1715 737 1837 770 sano
1881 720 2081 787 Judicio
2129 739 2221 770 nec
2263 726 2371 773 sine

608 791 837 839 acumine
881 791 1183 859 disputavit:
1236 808 1526 861 quanquam
1570 809 1674 842 non
1716 793 1922 857 desunt,
1973 809 2104 862 quae
2145 792 2367 856 sublata,

607 866 701 910 aut
735 861 1030 928 diligentius
1066 864 1241 911 limata
1274 863 1417 911 velis.
1495 862 1630 913 Nam
1668 865 1722 911 in
1755 864 2043 911 universum
2061 881 2229 912 rerum
2254 880 2368 911 con·

605 936 863 999 qestarum
893 934 1039 999 copia
1074 934 1148 981 ita
1178 931 1434 981 laborasse
1470 937 1724 981 auctorem
1751 939 1986 1000 apparet,
2023 939 2085 983 ut
2115 936 2259 1001 operi
2293 951 2369 985 re-

605 1004 776 1068 petitis
812 1004 946 1051 curis
968 1003 1306 1070 >perpoliendo
1337 1020 1521 1070 parum
1556 1020 1739 1052 vacare
1766 1008 1954 1070 posset,
1992 1005 2144 1073 atque
2170 1022 2280 1054 enim
2317 1008 2372 1054 in

607 1074 832 1120 vitiiversi
864 1075 1030 1139 operis
1064 1075 1418 1141 compositione
1467 1078 1570 1123 tum
1613 1076 1667 1122 in
1705 1090 1892 1140 qenere
1927 1075 2173 1123 orationis
2207 1075 2368 1141 neqli-

602 1144 829 1207 qentiam
871 1144 1128 1211 quandam
1165 1144 1421 1211 proderet.
1512 1142 1621 1193 Sed
1661 1161 2034 1210 supervacanea
2076 1146 2125 1193 si
2158 1151 2368 1207 resecta,

607 1213 839 1278 impolita
879 1216 928 1262 si
963 1214 1140 1263 limata
1185 1220 1364 1276 erunt,
1405 1231 1507 1263 non
1550 1214 1715 1263 deerit
1751 1213 1924 1263 libello
1964 1231 2058 1263 sua
2096 1214 2233 1277 laus,
2277 1233 2370 1264 nee

608 1284 844 1332 meritum
886 1284 1100 1351 aliquod
1145 1286 1199 1332 in
1247 1284 1556 1337 Thuriorum
1604 1283 1751 1333 rebus
1798 1283 2132 1350 explanandis
2172 1285 2373 1334 detrahi

607 1355 799 1417 poterit
801 1388 1047 1402 .....

749 1422 849 1471 His
895 1425 1157 1492 utriusque
1199 1425 1624 1473 commentationis
1666 1422 1938 1471 virtutibus
1990 1427 2043 1471 et
2078 1424 2215 1471 vitiis
2253 1440 2367 1489 per-

602 1494 774 1558 pensis
810 1499 863 1542 et
898 1495 1032 1542 inter
1062 1511 1115 1542 se
1144 1495 1464 1559 comparatiS,
1507 1492 1647 1542 Ordo
1677 1491 2092 1558 philosophorum
2124 1510 2235 1541 cum
2267 1510 2370 1541 am-

609 1562 828 1628 biqeret,
855 1566 1202 1629 praemiumne
1234 1562 1483 1611 divideret
1517 1581 1586 1612 an
1619 1562 1815 1629 duplex
1841 1560 2121 1629 conferret.-
2162 1564 2372 1629 insiqnis

608 1634 658 1680 ei
700 1635 951 1681 succurrit
1000 1633 1284 1698 benignitas
1324 1638 1373 1680 et
1426 1632 1707 1682 liberalitas
1756 1631 2075 1683 Summarum
2123 1634 2368 1695 virorum,

608 1701 791 1769 quibus
825 1720 950 1750 cura
986 1702 1136 1768 hujus
1169 1702 1478 1751 Academiae
1513 1704 1766 1767 competit,
1804 1720 1906 1771 qua
1940 1701 2087 1751 nobis
2108 1703 2224 1768 jam
2253 1720 2369 1752 con-

609 1789 796 1820 cessum
834 1777 927 1836 est,
961 1777 1021 1820 ut
1051 1772 1247 1839 duplici
1272 1774 1502 1837 praemio
1539 1771 1808 1821 distributo
1846 1776 2027 1820 neuter
2045 1771 2253 1837 juvenis
2279 1790 2372 1821 sua

610 1843 760 1891 laude
796 1848 1131 1910 exoptataque
1167 1842 1356 1890 adorea
1390 1841 1676 1908 fraudetur.

753 1911 927 1994 Quem
963 1929 1104 1960 nune
1138 1916 1477 1959 retractatum
1508 1910 1723 1977 publico
1762 1908 1989 1958 examini
2021 1909 2271 1959 submitto
2307 1909 2370 1960 li-

608 1982 835 2044 bellum,
881 1982 937 2029 in
991 1999 1109 2029 eum
1160 1980 1316 2029 etiam
1375 1985 1531 2046 atque
1576 1979 1732 2027 etiam
1777 1985 1900 2045 peto
1946 1986 2004 2027 ut
2049 1980 2166 2046 pari
2216 1987 2371 2048 atque

613 2050 762 2100 Ordo
797 2050 1173 2117 Amplissimus
1222 2049 1541 2098 humanitate
1588 2054 1801 2097 utantur
1845 2049 1890 2097 si
1936 2048 2026 2116 qui
2071 2048 2188 2116 ejus
2234 2051 2369 2100 exsi-

610 2128 750 2170 stant
772 2138 1040 2182 censores,
1078 2125 1392 2186 teneantque
1424 2118 1683 2168 benevolo
1714 2118 1911 2181 animo,
1946 2136 2051 2167 non
2078 2136 2234 2186 posse
2261 2138 2369 2170 non

610 2192 664 2239 in
700 2189 873 2258 opella
909 2190 1109 2239 viribus
1145 2188 1424 2237 admodum
1455 2188 1781 2254 juvenilibus
1818 2195 2060 2255 suscepta
2095 2189 2253 2238 multa
2281 2190 2368 2239 de-

611 2259 850 2311 siderari.

755 2400 958 2450 Dabam
994 2398 1294 2468 Gottingae,
1335 2396 1505 2446 Nonis
1544 2395 1765 2451 Octobr.
1797 2387 2363 2451 MDCCCXXXVIII.
