2878 3746
1470 368 1541 411 38

625 478 827 541 originis,
868 478 1160 542 Sybaritarum
1196 479 1377 539 primum
1413 477 1590 539 imperio
1623 477 1839 528 subditos,
1872 480 1944 537 qui
1975 491 2072 539 post
2103 481 2276 528 vaaris
2308 497 2378 523 ex-

626 544 781 587 cidium
816 540 931 583 haud
963 540 1092 584 dubie
1126 558 1320 598 magnam
1355 553 1515 601 partem
1552 540 1595 584 in
1629 538 1860 584 libertatem
1896 539 2092 585 vindicati
2121 532 2238 589 e'rant
2262 548 2378 602 (nam

626 603 677 649 de
709 602 775 647 his
803 600 969 647 videtur
1001 601 1184 661 cogitare
1217 604 1268 649 V.
1292 603 1385 660 Π),
1424 602 1596 648 Thuriis
1630 601 1735 647 adeo
1769 602 1900 648 factos
1939 617 2028 646 esse
2061 618 2228 661 eorum,
2273 620 2380 678 quae

625 665 798 709 Graecis
831 664 992 707 colonis
1027 681 1272 717 convenere,
1304 667 1462 724 jurium
1493 665 1730 727 participes,
1763 676 1809 708 ut
1835 681 1960 707 unam
1991 681 2040 706 ex
2070 664 2211 709 decem
2247 669 2380 711 tribu-

624 729 704 772 bus
738 728 1049 772 constituerent.
1122 728 1288 772 Deinde
1324 747 1399 772 vox
1440 728 1509 773 illa
1550 728 1632 787 jam
1676 727 1839 788 pridem
1880 726 2092 772 notionem
2127 728 2259 773 sancti
2292 730 2380 775 foe-

624 788 735 835 deris
771 807 865 834 cum
901 788 1114 834 communi
1157 789 1297 851 templi
1336 789 1512 849 alicujus
1546 788 1659 834 cultu
1703 789 1877 834 connexi
1913 789 2150 850 adoptavit,
2189 805 2296 851 quae
2335 793 2381 836 in

603 853 782 897 'tribum
825 852 938 895 illam
972 870 1057 895 non
1095 853 1218 895 cadit.
1289 852 1418 912 Atqui
1449 870 1496 894 ex
1529 869 1619 895 mea
1654 852 1823 912 quidem
1857 852 2060 894 sententia
2092 852 2198 895 nihil
2231 852 2381 905 obstat,

626 915 852 975 quominus
898 924 1150 964 statuamus,
1201 915 1380 965 Locros,
1436 914 1696 966 Phocenses,
1740 913 1988 966 Thessalos,
2031 912 2158 969 alios,
2201 931 2381 974 quorum

621 975 757 1038 patria
792 973 951 1018 foederi
983 974 1343 1039 Amphictyonum
1377 975 1589 1037 adscripta
1620 985 1746 1029 esset,
1792 993 1920 1036 quum
1956 992 2004 1019 ex
2038 975 2216 1034 singulis
2245 975 2380 1022 tribus

623 1037 819 1083 constitui
852 1054 939 1080 non
974 1048 1171 1098 possent,
1215 1049 1389 1099 propter
1425 1039 1620 1098 exiguum
1657 1054 1900 1093 numerum,
1943 1037 2013 1081 illa
2046 1038 2159 1081 tribu
2190 1056 2381 1100 compre-

621 1100 779 1144 hensos
814 1116 915 1142 esse.

745 1163 909 1219 Agrum
951 1160 1172 1220 probabile
1207 1172 1265 1205 est
1298 1162 1441 1223 aequis
1482 1163 1673 1223 partibus
1713 1163 1822 1207 inter
1860 1160 2031 1207 colonos
2066 1178 2154 1206 esse
2187 1161 2381 1208 divisum.

621 1223 784 1267 Etenim
811 1223 924 1266 hunc
959 1223 1002 1265 in
1030 1223 1226 1266 omnibus
1253 1224 1428 1268 coloniis
1461 1225 1720 1269 deducendis
1753 1225 1940 1268 videmus
1969 1235 2226 1269 constantem
2256 1241 2381 1269 usum

620 1287 773 1337 fuisse,
817 1296 863 1328 ut
902 1285 974 1344 qui
1015 1285 1188 1328 nomina
1233 1285 1531 1345 profiterentur
1581 1288 1635 1331 ad
1681 1287 1838 1347 patrias
1878 1287 1997 1330 sedes
2039 1287 2285 1339 mutandas,
2327 1288 2380 1331 iis

622 1347 713 1407 agri
745 1357 907 1407 partem
942 1346 1084 1390 datum
1119 1346 1171 1389 iri
1204 1347 1515 1407 promitteretur
1544 1351 1746 1410 (κλῆρος.
1777 1366 1813 1392 v.
1838 1349 1962 1392 Dorr.
1985 1349 2019 1400 Ι,
2048 1350 2184 1406 116.).
2243 1349 2381 1393 Priori

623 1410 787 1455 colonia
825 1409 1009 1452 Thurios
1044 1409 1223 1452 deducta
1258 1410 1494 1468 accepimus
1529 1426 1576 1451 ex
1608 1410 1821 1462 Diodoro,
1863 1409 2082 1471 Sybaritas
2114 1422 2280 1469 praeter
2312 1428 2381 1454 ae-

623 1491 752 1533 quum
799 1490 923 1530 agros
964 1471 1060 1515 urbi
1102 1471 1260 1515 vicinos
1301 1471 1381 1515 sibi
1421 1471 1677 1526 vindicasse,
1724 1489 1860 1532 neque
1898 1471 1980 1516 nisi
2021 1472 2264 1517 remotiores
2304 1472 2380 1517 ad-

620 1535 833 1596 scriptitiis
878 1534 1037 1578 colonis
1081 1533 1334 1577 concessisse
1356 1535 1407 1592 2).
1472 1534 1556 1578 Sed
1596 1534 1661 1578 his
1702 1534 1844 1593 ejectis
1878 1544 1918 1577 et
1951 1533 2070 1577 novis
2111 1533 2270 1577 colonis
2304 1535 2380 1578 ad-

621 1598 735 1642 scitis
778 1614 923 1641 omnes
957 1613 1004 1639 ex
1042 1613 1176 1657 aequo
1209 1613 1357 1654 agrum
1400 1597 1676 1657 possidebant
1708 1596 1816 1655 (τῆν
1848 1594 2010 1673 χώραν
2037 1596 2195 1653 ἐπίσης
2221 1597 2381 1653 ἔνεμον

621 1660 769 1711 Diod„
819 1660 890 1719 qui
924 1658 1052 1718 paulo
1086 1675 1215 1717 supra
1250 1658 1302 1701 de
1336 1659 1569 1720 Sybaritis:
1616 1658 1705 1715 τήν
1746 1659 1832 1716 μὲν
1874 1676 2100 1716 συνεγγυς
2139 1662 2204 1718 τῇ
2239 1656 2380 1708 πόλει

620 1719 782 1785 χώραν
815 1717 1342 1782 κατεκληρούχουν
1375 1720 1575 1779 ἑαυτοῖς)
1594 1721 1647 1778 3),
1680 1720 1750 1763 Sic
1766 1720 1818 1763 de
1836 1720 1961 1796 Lysia
1982 1719 2089 1763 Plut.
2105 1719 2171 1763 vit.
2188 1721 2284 1782 Lys.
2301 1720 2380 1764 in.:

623 1783 731 1832 ἐπεὶ
762 1783 850 1835 viv
887 1784 947 1831 εἷς
980 1780 1197 1843 Σύβαριν
1227 1780 1447 1829 οἷποικίαν
1484 1783 1721 1830 ἔστελλεν
1756 1779 1785 1835 n‘
1815 1785 1973 1834 πολις,
2015 1778 2168 1843 ᾤχετο
2201 1808 2261 1816 -
2296 1785 2382 1831 τοῦ

622 1844 801 1906 πατρός
833 1839 916 1901 ἤδη
949 1839 1369 1901 τετελευτηκότος,
1412 1840 1479 1893 ὥς
1520 1840 1891 1901 κοινωνήσων
1935 1846 2041 1891 τοῦ
2079 1840 2302 1905 κλήρου
2326 1845 2379 1899 4)-

729 1962 772 2013 2)
808 1964 950 2001 Nescio
980 1979 1030 2002 an
1058 1968 1131 2003 hoc
1156 1974 1301 2016 spectet
1327 1967 1565 2005 Niebuhrius
1592 1966 1681 2004 hist.
1698 1967 1810 2004 Rom.
1828 1967 1858 2012 1,
1880 1969 1990 2003 17o.:
2027 1966 2100 2001 Von
2124 1966 2379 2004 emheimischen

621 2017 774 2060 Belem,
802 2017 925 2052 welche
949 2018 1004 2052 ihr
1032 2019 1261 2064 Biirgerrecht
1285 2033 1492 2066 gavanum,
1516 2020 1601 2056 oder
1625 2026 1723 2055 unter-
1746 2020 1844 2055 ihnen
1870 2019 2041 2062 wohntm,
2065 2020 2168 2064 εἵως
2195 2017 2268 2064 auf
2287 2020 2378 2055 diese

620 2070 807 2113 oria-hen,
847 2071 1043 2115 wenigstens
1076 2074 1182 2117 eim'ge
1211 2073 1354 2118 Stante,
1393 2074 1489 2110 oieles
1524 2073 1607 2109 ia'ber
1645 2078 1731 2108 cett.
1767 2092 1822 2100 —
1859 2071 1955 2108 Aber-
1990 2069 2077 2116 dass
2100 2072 2149 2107 sie
2173 2070 2243 2106 das
2264 2083 2379 2118 ganzo

618 2124 759 2170 Princr'p
787 2121 847 2157 cles
873 2124 1098 2167 agrarischen
1124 2126 1251 2161 Rechts
1286 2128 1345 2161 mit
1371 2126 1439 2162 den
1464 2124 1629 2162 Italzssoem
1651 2126 1782 2171 gemes'n
1807 2125 1947 2171 haum,
1989 2121 2136 2171 darauf
2161 2124 2296 2161 mc‘ichte
2321 2124 2379 2161 die

618 2176 840 2221 Assignation
868 2174 932 2208 der
963 2175 1088 2210 thurin.
1113 2177 1198 2211 Flur
1224 2178 1359 2213 ‹lenten-

723 2224 764 2274 3)
804 2225 916 2260 Tunc
942 2225 994 2261 ita
1022 2239 1134 2273 agros
1162 2227 1306 2265 divisos
1335 2240 1416 2264 esse
1441 2226 1655 2275 suspicatur
1681 2227 1838 2275 Ignarra
1866 2224 1913 2263 de
1941 2225 2123 2275 phratriia
2153 2240 2192 2275 p.
2209 2230 2294 2270 7o.‚
2332 2231 2377 2263 ut

618 2289 669 2316 ex
696 2277 777 2326 agri
807 2288 985 2313 mensura
1014 2279 1152 2327 cuique
1181 2280 1255 2316 civi
1282 2278 1526 2316 attribuenda
1555 2291 1642 2328 pars
1669 2291 1791 2328 prope
1819 2279 1991 2324 moenia,
2018 2279 2136 2314 ultera
2164 2279 2298 2327 procul
2326 2278 2375 2313 ab

617 2331 713 2367 urbe
742 2330 1012 2376 assignaretur.
1058 2332 1259 2369 Platonem
1294 2332 1396 2369 enim
1430 2343 1514 2379 rep.
1544 2333 1594 2378 V,
1623 2335 1770 2380 p.745.
1795 2330 2035 2368 Thuriorum
2065 2330 2239 2369 instituta
2265 2330 2376 2380 sequi

618 2381 770 2428 conjicit
797 2381 845 2417 V.
873 2381 925 2417 D.

723 2430 767 2480 4)
804 2433 916 2468 Phot.
944 2430 1026 2469 cod.
1053 2435 1165 2470 261.:
1202 2428 1263 2484 ἐφ’
1292 2425 1321 2485 ᾧ
1348 2432 1428 2472 τοῦ
1461 2426 1658 2483 πατρῴου
1692 2438 1912 2486 μετασχεῖν
1946 2429 2112 2482 κλήρου.
2164 2431 2209 2467 In
2243 2429 2375 2479 aprico

621 2492 700 2528 est,
737 2484 934 2521 Plutarchi
966 2484 1092 2521 locum
1121 2485 1218 2522 male
1252 2487 1484 2523 intellectum
1517 2496 1599 2521 esse
1629 2497 1652 2520 a
1683 2484 1844 2522 Photio:
1884 2496 1974 2521 nam
2002 2496 2123 2533 quum
2148 2484 2375 2520 Plutarchus

621 2544 751 2585 aperte
780 2535 828 2571 de
857 2536 939 2583 agri
966 2545 1072 2583 parte
1088 2563 1097 2581 ,
1137 2550 1253 2585 quam
1280 2539 1485 2575 sortiturus
1512 2536 1648 2586 Lysias
1675 2536 1844 2574 Thurios
1878 2537 2076 2583 migravit,
2103 2537 2283 2585 loquatur
2307 2532 2376 2584 (cs.

619 2590 736 2638 paulo
774 2588 879 2625 infra
915 2584 1172 2637 κτησάμενός
1208 2602 1253 2627 ’τε
1290 2591 1427 2629 οἰκίαν
1462 2588 1528 2628 καὶ
1568 2582 1697 2637 κλήρῳ
1733 2583 1882 2641 λαχών.
1924 2588 2049 2626 Plut.:
2084 2587 2197 2625 Phot.
2225 2583 2397 2636 κλήρου,

618 2638 792 2693 τυχών),
819 2640 981 2676 Photius
1012 2641 1127 2688 paulo
1158 2640 1337 2688 pinguior
1365 2649 1522 2690 propter
1549 2642 1685 2685 verba,
1716 2654 1815 2690 qnae
1843 2640 2087 2685 antecedunt,
2116 2640 2192 2677 τοῦ
2218 2633 2377 2686 πατρός

618 2690 696 2743 ἤδη
731 2686 1092 2742 τετελευτηκότος,
1130 2693 1350 2732 hereditatis
1389 2692 1588 2731 adeundae
1625 2692 1745 2741 gratia
1772 2692 1927 2741 Lysiam
1955 2692 2125 2730 Thurios
2159 2691 2376 2741 profectum

619 2745 694 2780 sibi
720 2744 842 2780 finxit.
884 2745 932 2779 At
955 2744 1148 2791 Cephalus
1174 2754 1283 2793 pater
1309 2749 1391 2790 ejus
1412 2746 1676 2795 Syracusanus
1703 2745 1909 2793 (Thur-ium
1934 2757 2067 2781 errore
2095 2757 2183 2779 eum
2209 2742 2377 2790 appellat

618 2794 814 2845 Tzetzes).
865 2796 1000 2844 Itaque
1027 2794 1137 2833 valde
1165 2798 1302 2843 miror,
1328 2799 1540 2848 Taylorum
1567 2797 1606 2834 in
1635 2798 1714 2835 vita
1741 2796 1879 2846 Lysiae
1909 2796 2037 2834 Reisk.
2058 2802 2171 2833 oratt.
2191 2808 2245 2844 gr.
2264 2791 2374 2837 t.V1‚

622 2862 660 2897 p.
678 2851 765 2884 106.
795 2855 832 2883 et
858 2847 1102 2883 Voemelium
1131 2861 1170 2895 p.
1188 2854 1225 2885 5.
1251 2850 1498 2887 Plutarchum
1527 2862 1577 2885 ex
1603 2849 1743 2886 Photio
1779 2850 2003 2887 correxisse.
2056 2849 2203 2885 Verum
2236 2845 2373 2884 vidisse

622 2899 733 2939 video
762 2899 1041 2938 Hoelscherum
1069 2913 1107 2949 p.
1129 2904 1190 2937 19.
